%YAML 1.1
%TAG !u! tag:unity3d.com,2011:
--- !u!29 &1
OcclusionCullingSettings:
  m_ObjectHideFlags: 0
  serializedVersion: 2
  m_OcclusionBakeSettings:
    smallestOccluder: 5
    smallestHole: 0.25
    backfaceThreshold: 100
  m_SceneGUID: 00000000000000000000000000000000
  m_OcclusionCullingData: {fileID: 0}
--- !u!104 &2
RenderSettings:
  m_ObjectHideFlags: 0
  serializedVersion: 8
  m_Fog: 0
  m_FogColor: {r: 0.5, g: 0.5, b: 0.5, a: 1}
  m_FogMode: 3
  m_FogDensity: 0.01
  m_LinearFogStart: 0
  m_LinearFogEnd: 300
  m_AmbientSkyColor: {r: 0.212, g: 0.227, b: 0.259, a: 1}
  m_AmbientEquatorColor: {r: 0.114, g: 0.125, b: 0.133, a: 1}
  m_AmbientGroundColor: {r: 0.047, g: 0.043, b: 0.035, a: 1}
  m_AmbientIntensity: 1
  m_AmbientMode: 0
  m_SubtractiveShadowColor: {r: 0.42, g: 0.478, b: 0.627, a: 1}
  m_SkyboxMaterial: {fileID: 2100000, guid: d7e60cd36c1f54594bd9754d7ff5abfd, type: 2}
  m_HaloStrength: 0.5
  m_FlareStrength: 1
  m_FlareFadeSpeed: 3
  m_HaloTexture: {fileID: 0}
  m_SpotCookie: {fileID: 10001, guid: 0000000000000000e000000000000000, type: 0}
  m_DefaultReflectionMode: 0
  m_DefaultReflectionResolution: 128
  m_ReflectionBounces: 2
  m_ReflectionIntensity: 1
  m_CustomReflection: {fileID: 0}
  m_Sun: {fileID: 1783110326}
  m_IndirectSpecularColor: {r: 0.14588243, g: 0.16890544, b: 0.17891786, a: 1}
--- !u!157 &3
LightmapSettings:
  m_ObjectHideFlags: 0
  serializedVersion: 11
  m_GIWorkflowMode: 1
  m_GISettings:
    serializedVersion: 2
    m_BounceScale: 1
    m_IndirectOutputScale: 2
    m_AlbedoBoost: 1
    m_TemporalCoherenceThreshold: 1
    m_EnvironmentLightingMode: 1
    m_EnableBakedLightmaps: 1
    m_EnableRealtimeLightmaps: 1
  m_LightmapEditorSettings:
    serializedVersion: 9
    m_Resolution: 2
    m_BakeResolution: 40
    m_TextureWidth: 2048
    m_TextureHeight: 1024
    m_AO: 1
    m_AOMaxDistance: 2
    m_CompAOExponent: 1
    m_CompAOExponentDirect: 0
    m_Padding: 2
    m_LightmapParameters: {fileID: 15204, guid: 0000000000000000f000000000000000,
      type: 0}
    m_LightmapsBakeMode: 1
    m_TextureCompression: 0
    m_FinalGather: 0
    m_FinalGatherFiltering: 1
    m_FinalGatherRayCount: 256
    m_ReflectionCompression: 2
    m_MixedBakeMode: 1
    m_BakeBackend: 0
    m_PVRSampling: 1
    m_PVRDirectSampleCount: 32
    m_PVRSampleCount: 500
    m_PVRBounces: 2
    m_PVRFiltering: 0
    m_PVRFilteringMode: 1
    m_PVRCulling: 1
    m_PVRFilteringGaussRadiusDirect: 1
    m_PVRFilteringGaussRadiusIndirect: 5
    m_PVRFilteringGaussRadiusAO: 2
    m_PVRFilteringAtrousColorSigma: 1
    m_PVRFilteringAtrousNormalSigma: 1
    m_PVRFilteringAtrousPositionSigma: 1
  m_LightingDataAsset: {fileID: 112000062, guid: c350999a3141f4b63b9f33359ab21e6d,
    type: 2}
  m_UseShadowmask: 0
--- !u!196 &4
NavMeshSettings:
  serializedVersion: 2
  m_ObjectHideFlags: 0
  m_BuildSettings:
    serializedVersion: 2
    agentTypeID: 0
    agentRadius: 0.5
    agentHeight: 2
    agentSlope: 45
    agentClimb: 0.4
    ledgeDropHeight: 0
    maxJumpAcrossDistance: 0
    minRegionArea: 2
    manualCellSize: 0
    cellSize: 0.16666667
    manualTileSize: 0
    tileSize: 256
    accuratePlacement: 0
  m_NavMeshData: {fileID: 0}
--- !u!1 &19883228
GameObject:
  m_ObjectHideFlags: 0
  m_PrefabParentObject: {fileID: 1558758613208640, guid: f16a5f63e59ee624b9d06dca187be9ac,
    type: 2}
  m_PrefabInternal: {fileID: 1813992536}
  serializedVersion: 5
  m_Component:
  - component: {fileID: 19883229}
  - component: {fileID: 19883231}
  - component: {fileID: 19883230}
  m_Layer: 0
  m_Name: leather
  m_TagString: Untagged
  m_Icon: {fileID: 0}
  m_NavMeshLayer: 0
  m_StaticEditorFlags: 0
  m_IsActive: 1
--- !u!4 &19883229
Transform:
  m_ObjectHideFlags: 0
  m_PrefabParentObject: {fileID: 4428311087509690, guid: f16a5f63e59ee624b9d06dca187be9ac,
    type: 2}
  m_PrefabInternal: {fileID: 1813992536}
  m_GameObject: {fileID: 19883228}
  m_LocalRotation: {x: 0, y: -0, z: -0, w: 1}
  m_LocalPosition: {x: -0, y: 0, z: 0}
  m_LocalScale: {x: 1, y: 1, z: 1}
  m_Children: []
  m_Father: {fileID: 23332150}
  m_RootOrder: 1
  m_LocalEulerAnglesHint: {x: 0, y: 0, z: 0}
--- !u!23 &19883230
MeshRenderer:
  m_ObjectHideFlags: 0
  m_PrefabParentObject: {fileID: 23142134653003284, guid: f16a5f63e59ee624b9d06dca187be9ac,
    type: 2}
  m_PrefabInternal: {fileID: 1813992536}
  m_GameObject: {fileID: 19883228}
  m_Enabled: 1
  m_CastShadows: 1
  m_ReceiveShadows: 1
  m_MotionVectors: 1
  m_LightProbeUsage: 1
  m_ReflectionProbeUsage: 1
  m_Materials:
  - {fileID: 2100000, guid: be4ceb16fbb084442947b6604f91f660, type: 2}
  m_StaticBatchInfo:
    firstSubMesh: 0
    subMeshCount: 0
  m_StaticBatchRoot: {fileID: 0}
  m_ProbeAnchor: {fileID: 0}
  m_LightProbeVolumeOverride: {fileID: 0}
  m_ScaleInLightmap: 1
  m_PreserveUVs: 0
  m_IgnoreNormalsForChartDetection: 0
  m_ImportantGI: 0
  m_SelectedEditorRenderState: 3
  m_MinimumChartSize: 4
  m_AutoUVMaxDistance: 0.5
  m_AutoUVMaxAngle: 89
  m_LightmapParameters: {fileID: 0}
  m_SortingLayerID: 0
  m_SortingLayer: 0
  m_SortingOrder: 0
--- !u!33 &19883231
MeshFilter:
  m_ObjectHideFlags: 0
  m_PrefabParentObject: {fileID: 33907072284518910, guid: f16a5f63e59ee624b9d06dca187be9ac,
    type: 2}
  m_PrefabInternal: {fileID: 1813992536}
  m_GameObject: {fileID: 19883228}
  m_Mesh: {fileID: 4300002, guid: 36a8af65eb2339f45a810f8d02b85e81, type: 3}
--- !u!1 &23332149
GameObject:
  m_ObjectHideFlags: 0
  m_PrefabParentObject: {fileID: 1807916412989556, guid: f16a5f63e59ee624b9d06dca187be9ac,
    type: 2}
  m_PrefabInternal: {fileID: 1813992536}
  serializedVersion: 5
  m_Component:
  - component: {fileID: 23332150}
  m_Layer: 0
  m_Name: Vitra-chair (3)
  m_TagString: Untagged
  m_Icon: {fileID: 0}
  m_NavMeshLayer: 0
  m_StaticEditorFlags: 0
  m_IsActive: 1
--- !u!4 &23332150
Transform:
  m_ObjectHideFlags: 0
  m_PrefabParentObject: {fileID: 4492192794861484, guid: f16a5f63e59ee624b9d06dca187be9ac,
    type: 2}
  m_PrefabInternal: {fileID: 1813992536}
  m_GameObject: {fileID: 23332149}
  m_LocalRotation: {x: -0, y: 0.9978309, z: -0, w: -0.06582933}
  m_LocalPosition: {x: 2.964302, y: 0, z: -0.96697676}
  m_LocalScale: {x: 1, y: 1, z: 1}
  m_Children:
  - {fileID: 192144845}
  - {fileID: 19883229}
  m_Father: {fileID: 339540448}
  m_RootOrder: 18
  m_LocalEulerAnglesHint: {x: 0, y: 187.549, z: 0}
--- !u!1 &35984019
GameObject:
  m_ObjectHideFlags: 0
  m_PrefabParentObject: {fileID: 1719381042561172, guid: f16a5f63e59ee624b9d06dca187be9ac,
    type: 2}
  m_PrefabInternal: {fileID: 1813992536}
  serializedVersion: 5
  m_Component:
  - component: {fileID: 35984020}
  m_Layer: 0
  m_Name: prs009
  m_TagString: Untagged
  m_Icon: {fileID: 0}
  m_NavMeshLayer: 0
  m_StaticEditorFlags: 4294967295
  m_IsActive: 1
--- !u!4 &35984020
Transform:
  m_ObjectHideFlags: 0
  m_PrefabParentObject: {fileID: 4297572260375254, guid: f16a5f63e59ee624b9d06dca187be9ac,
    type: 2}
  m_PrefabInternal: {fileID: 1813992536}
  m_GameObject: {fileID: 35984019}
  m_LocalRotation: {x: -0, y: 0.7071068, z: 0.7071068, w: 0}
  m_LocalPosition: {x: 1.965, y: -0.07, z: -1.262}
  m_LocalScale: {x: 1, y: 1, z: 1}
  m_Children:
  - {fileID: 2069593064}
  - {fileID: 1184136323}
  - {fileID: 1023010552}
  - {fileID: 420217199}
  - {fileID: 1545350603}
  - {fileID: 2118163185}
  - {fileID: 602985485}
  - {fileID: 2072500822}
  - {fileID: 2034988709}
  m_Father: {fileID: 339540448}
  m_RootOrder: 13
  m_LocalEulerAnglesHint: {x: -90, y: 180, z: 0}
--- !u!1 &144074195
GameObject:
  m_ObjectHideFlags: 0
  m_PrefabParentObject: {fileID: 1425083047909672, guid: f16a5f63e59ee624b9d06dca187be9ac,
    type: 2}
  m_PrefabInternal: {fileID: 1813992536}
  serializedVersion: 5
  m_Component:
  - component: {fileID: 144074196}
  - component: {fileID: 144074198}
  - component: {fileID: 144074197}
  m_Layer: 0
  m_Name: frame
  m_TagString: Untagged
  m_Icon: {fileID: 0}
  m_NavMeshLayer: 0
  m_StaticEditorFlags: 0
  m_IsActive: 1
--- !u!4 &144074196
Transform:
  m_ObjectHideFlags: 0
  m_PrefabParentObject: {fileID: 4975586734889402, guid: f16a5f63e59ee624b9d06dca187be9ac,
    type: 2}
  m_PrefabInternal: {fileID: 1813992536}
  m_GameObject: {fileID: 144074195}
  m_LocalRotation: {x: 0, y: -0, z: -0, w: 1}
  m_LocalPosition: {x: -0, y: 0, z: 0}
  m_LocalScale: {x: 1, y: 1, z: 1}
  m_Children: []
  m_Father: {fileID: 484420745}
  m_RootOrder: 0
  m_LocalEulerAnglesHint: {x: 0, y: 0, z: 0}
--- !u!23 &144074197
MeshRenderer:
  m_ObjectHideFlags: 0
  m_PrefabParentObject: {fileID: 23482890602612902, guid: f16a5f63e59ee624b9d06dca187be9ac,
    type: 2}
  m_PrefabInternal: {fileID: 1813992536}
  m_GameObject: {fileID: 144074195}
  m_Enabled: 1
  m_CastShadows: 1
  m_ReceiveShadows: 1
  m_MotionVectors: 1
  m_LightProbeUsage: 1
  m_ReflectionProbeUsage: 1
  m_Materials:
  - {fileID: 2100000, guid: be4ceb16fbb084442947b6604f91f660, type: 2}
  m_StaticBatchInfo:
    firstSubMesh: 0
    subMeshCount: 0
  m_StaticBatchRoot: {fileID: 0}
  m_ProbeAnchor: {fileID: 0}
  m_LightProbeVolumeOverride: {fileID: 0}
  m_ScaleInLightmap: 1
  m_PreserveUVs: 0
  m_IgnoreNormalsForChartDetection: 0
  m_ImportantGI: 0
  m_SelectedEditorRenderState: 3
  m_MinimumChartSize: 4
  m_AutoUVMaxDistance: 0.5
  m_AutoUVMaxAngle: 89
  m_LightmapParameters: {fileID: 0}
  m_SortingLayerID: 0
  m_SortingLayer: 0
  m_SortingOrder: 0
--- !u!33 &144074198
MeshFilter:
  m_ObjectHideFlags: 0
  m_PrefabParentObject: {fileID: 33081396376768760, guid: f16a5f63e59ee624b9d06dca187be9ac,
    type: 2}
  m_PrefabInternal: {fileID: 1813992536}
  m_GameObject: {fileID: 144074195}
  m_Mesh: {fileID: 4300000, guid: 36a8af65eb2339f45a810f8d02b85e81, type: 3}
--- !u!1 &192144844
GameObject:
  m_ObjectHideFlags: 0
  m_PrefabParentObject: {fileID: 1265908077936030, guid: f16a5f63e59ee624b9d06dca187be9ac,
    type: 2}
  m_PrefabInternal: {fileID: 1813992536}
  serializedVersion: 5
  m_Component:
  - component: {fileID: 192144845}
  - component: {fileID: 192144847}
  - component: {fileID: 192144846}
  m_Layer: 0
  m_Name: frame
  m_TagString: Untagged
  m_Icon: {fileID: 0}
  m_NavMeshLayer: 0
  m_StaticEditorFlags: 0
  m_IsActive: 1
--- !u!4 &192144845
Transform:
  m_ObjectHideFlags: 0
  m_PrefabParentObject: {fileID: 4243520466858884, guid: f16a5f63e59ee624b9d06dca187be9ac,
    type: 2}
  m_PrefabInternal: {fileID: 1813992536}
  m_GameObject: {fileID: 192144844}
  m_LocalRotation: {x: 0, y: -0, z: -0, w: 1}
  m_LocalPosition: {x: -0, y: 0, z: 0}
  m_LocalScale: {x: 1, y: 1, z: 1}
  m_Children: []
  m_Father: {fileID: 23332150}
  m_RootOrder: 0
  m_LocalEulerAnglesHint: {x: 0, y: 0, z: 0}
--- !u!23 &192144846
MeshRenderer:
  m_ObjectHideFlags: 0
  m_PrefabParentObject: {fileID: 23411545495207352, guid: f16a5f63e59ee624b9d06dca187be9ac,
    type: 2}
  m_PrefabInternal: {fileID: 1813992536}
  m_GameObject: {fileID: 192144844}
  m_Enabled: 1
  m_CastShadows: 1
  m_ReceiveShadows: 1
  m_MotionVectors: 1
  m_LightProbeUsage: 1
  m_ReflectionProbeUsage: 1
  m_Materials:
  - {fileID: 2100000, guid: be4ceb16fbb084442947b6604f91f660, type: 2}
  m_StaticBatchInfo:
    firstSubMesh: 0
    subMeshCount: 0
  m_StaticBatchRoot: {fileID: 0}
  m_ProbeAnchor: {fileID: 0}
  m_LightProbeVolumeOverride: {fileID: 0}
  m_ScaleInLightmap: 1
  m_PreserveUVs: 0
  m_IgnoreNormalsForChartDetection: 0
  m_ImportantGI: 0
  m_SelectedEditorRenderState: 3
  m_MinimumChartSize: 4
  m_AutoUVMaxDistance: 0.5
  m_AutoUVMaxAngle: 89
  m_LightmapParameters: {fileID: 0}
  m_SortingLayerID: 0
  m_SortingLayer: 0
  m_SortingOrder: 0
--- !u!33 &192144847
MeshFilter:
  m_ObjectHideFlags: 0
  m_PrefabParentObject: {fileID: 33880553402733450, guid: f16a5f63e59ee624b9d06dca187be9ac,
    type: 2}
  m_PrefabInternal: {fileID: 1813992536}
  m_GameObject: {fileID: 192144844}
  m_Mesh: {fileID: 4300000, guid: 36a8af65eb2339f45a810f8d02b85e81, type: 3}
--- !u!1 &223822521
GameObject:
  m_ObjectHideFlags: 0
  m_PrefabParentObject: {fileID: 1947369859983336, guid: f16a5f63e59ee624b9d06dca187be9ac,
    type: 2}
  m_PrefabInternal: {fileID: 1813992536}
  serializedVersion: 5
  m_Component:
  - component: {fileID: 223822522}
  - component: {fileID: 223822524}
  - component: {fileID: 223822523}
  m_Layer: 0
  m_Name: ceiling
  m_TagString: Untagged
  m_Icon: {fileID: 0}
  m_NavMeshLayer: 0
  m_StaticEditorFlags: 0
  m_IsActive: 1
--- !u!4 &223822522
Transform:
  m_ObjectHideFlags: 0
  m_PrefabParentObject: {fileID: 4208771499719620, guid: f16a5f63e59ee624b9d06dca187be9ac,
    type: 2}
  m_PrefabInternal: {fileID: 1813992536}
  m_GameObject: {fileID: 223822521}
  m_LocalRotation: {x: 0, y: -0, z: -0, w: 1}
  m_LocalPosition: {x: -0, y: 0, z: 0}
  m_LocalScale: {x: 1, y: 1, z: 1}
  m_Children: []
  m_Father: {fileID: 339540448}
  m_RootOrder: 0
  m_LocalEulerAnglesHint: {x: 0, y: 0, z: 0}
--- !u!23 &223822523
MeshRenderer:
  m_ObjectHideFlags: 0
  m_PrefabParentObject: {fileID: 23399652099139144, guid: f16a5f63e59ee624b9d06dca187be9ac,
    type: 2}
  m_PrefabInternal: {fileID: 1813992536}
  m_GameObject: {fileID: 223822521}
  m_Enabled: 1
  m_CastShadows: 1
  m_ReceiveShadows: 1
  m_MotionVectors: 1
  m_LightProbeUsage: 1
  m_ReflectionProbeUsage: 1
  m_Materials:
  - {fileID: 2100000, guid: be4ceb16fbb084442947b6604f91f660, type: 2}
  m_StaticBatchInfo:
    firstSubMesh: 0
    subMeshCount: 0
  m_StaticBatchRoot: {fileID: 0}
  m_ProbeAnchor: {fileID: 0}
  m_LightProbeVolumeOverride: {fileID: 0}
  m_ScaleInLightmap: 1
  m_PreserveUVs: 0
  m_IgnoreNormalsForChartDetection: 0
  m_ImportantGI: 0
  m_SelectedEditorRenderState: 3
  m_MinimumChartSize: 4
  m_AutoUVMaxDistance: 0.5
  m_AutoUVMaxAngle: 89
  m_LightmapParameters: {fileID: 0}
  m_SortingLayerID: 0
  m_SortingLayer: 0
  m_SortingOrder: 0
--- !u!33 &223822524
MeshFilter:
  m_ObjectHideFlags: 0
  m_PrefabParentObject: {fileID: 33827821022951432, guid: f16a5f63e59ee624b9d06dca187be9ac,
    type: 2}
  m_PrefabInternal: {fileID: 1813992536}
  m_GameObject: {fileID: 223822521}
  m_Mesh: {fileID: 4300000, guid: 0c3fc86234ec6fe4ba2c545b9d1f2bd2, type: 3}
--- !u!1 &320273710
GameObject:
  m_ObjectHideFlags: 0
  m_PrefabParentObject: {fileID: 1209148011764034, guid: f16a5f63e59ee624b9d06dca187be9ac,
    type: 2}
  m_PrefabInternal: {fileID: 1813992536}
  serializedVersion: 5
  m_Component:
  - component: {fileID: 320273711}
  m_Layer: 0
  m_Name: Vitra-chair (1)
  m_TagString: Untagged
  m_Icon: {fileID: 0}
  m_NavMeshLayer: 0
  m_StaticEditorFlags: 0
  m_IsActive: 1
--- !u!4 &320273711
Transform:
  m_ObjectHideFlags: 0
  m_PrefabParentObject: {fileID: 4553426523932878, guid: f16a5f63e59ee624b9d06dca187be9ac,
    type: 2}
  m_PrefabInternal: {fileID: 1813992536}
  m_GameObject: {fileID: 320273710}
  m_LocalRotation: {x: -0, y: 0.83285093, z: -0, w: 0.5534974}
  m_LocalPosition: {x: 0.8919161, y: 0, z: 0.30489784}
  m_LocalScale: {x: 1, y: 1, z: 1}
  m_Children:
  - {fileID: 487329743}
  - {fileID: 979681295}
  m_Father: {fileID: 339540448}
  m_RootOrder: 15
  m_LocalEulerAnglesHint: {x: 0, y: 112.785, z: 0}
--- !u!1 &336433315
GameObject:
  m_ObjectHideFlags: 0
  m_PrefabParentObject: {fileID: 1010886671563188, guid: f16a5f63e59ee624b9d06dca187be9ac,
    type: 2}
  m_PrefabInternal: {fileID: 1813992536}
  serializedVersion: 5
  m_Component:
  - component: {fileID: 336433316}
  - component: {fileID: 1783110326}
  m_Layer: 0
  m_Name: Directional Light
  m_TagString: Untagged
  m_Icon: {fileID: 0}
  m_NavMeshLayer: 0
  m_StaticEditorFlags: 0
  m_IsActive: 1
--- !u!4 &336433316
Transform:
  m_ObjectHideFlags: 0
  m_PrefabParentObject: {fileID: 4676483423644406, guid: f16a5f63e59ee624b9d06dca187be9ac,
    type: 2}
  m_PrefabInternal: {fileID: 1813992536}
  m_GameObject: {fileID: 336433315}
  m_LocalRotation: {x: 0.3984579, y: -0.6888258, z: -0.14084545, w: 0.5889932}
  m_LocalPosition: {x: 2.51, y: 5.68, z: 5.69}
  m_LocalScale: {x: 1, y: 1, z: 1}
  m_Children: []
  m_Father: {fileID: 339540448}
  m_RootOrder: 11
  m_LocalEulerAnglesHint: {x: 15.982, y: -106.094, z: -48.038002}
--- !u!1 &339540447
GameObject:
  m_ObjectHideFlags: 0
  m_PrefabParentObject: {fileID: 1178164105683424, guid: f16a5f63e59ee624b9d06dca187be9ac,
    type: 2}
  m_PrefabInternal: {fileID: 1813992536}
  serializedVersion: 5
  m_Component:
  - component: {fileID: 339540448}
  m_Layer: 0
  m_Name: room-02
  m_TagString: Untagged
  m_Icon: {fileID: 0}
  m_NavMeshLayer: 0
  m_StaticEditorFlags: 0
  m_IsActive: 1
--- !u!4 &339540448
Transform:
  m_ObjectHideFlags: 0
  m_PrefabParentObject: {fileID: 4711495290987080, guid: f16a5f63e59ee624b9d06dca187be9ac,
    type: 2}
  m_PrefabInternal: {fileID: 1813992536}
  m_GameObject: {fileID: 339540447}
  m_LocalRotation: {x: 0, y: -0, z: -0, w: 1}
  m_LocalPosition: {x: -0, y: 0, z: 0}
  m_LocalScale: {x: 1, y: 1, z: 1}
  m_Children:
  - {fileID: 223822522}
  - {fileID: 732592756}
  - {fileID: 1310920114}
  - {fileID: 1482302562}
  - {fileID: 1797897802}
  - {fileID: 553165445}
  - {fileID: 755465495}
  - {fileID: 1400637339}
  - {fileID: 730600129}
  - {fileID: 515008523}
  - {fileID: 883512711}
  - {fileID: 336433316}
  - {fileID: 1905824383}
  - {fileID: 35984020}
  - {fileID: 1561333670}
  - {fileID: 320273711}
  - {fileID: 1539218462}
  - {fileID: 484420745}
  - {fileID: 23332150}
  m_Father: {fileID: 0}
  m_RootOrder: 1
  m_LocalEulerAnglesHint: {x: 0, y: 0, z: 0}
--- !u!1 &420217198
GameObject:
  m_ObjectHideFlags: 0
  m_PrefabParentObject: {fileID: 1070133594008158, guid: f16a5f63e59ee624b9d06dca187be9ac,
    type: 2}
  m_PrefabInternal: {fileID: 1813992536}
  serializedVersion: 5
  m_Component:
  - component: {fileID: 420217199}
  - component: {fileID: 420217201}
  - component: {fileID: 420217200}
  m_Layer: 0
  m_Name: Circle04
  m_TagString: Untagged
  m_Icon: {fileID: 0}
  m_NavMeshLayer: 0
  m_StaticEditorFlags: 4294967295
  m_IsActive: 1
--- !u!4 &420217199
Transform:
  m_ObjectHideFlags: 0
  m_PrefabParentObject: {fileID: 4016170373200796, guid: f16a5f63e59ee624b9d06dca187be9ac,
    type: 2}
  m_PrefabInternal: {fileID: 1813992536}
  m_GameObject: {fileID: 420217198}
  m_LocalRotation: {x: 0, y: -0, z: -0, w: 1}
  m_LocalPosition: {x: -0, y: 0, z: 0}
  m_LocalScale: {x: 1, y: 1, z: 1}
  m_Children: []
  m_Father: {fileID: 35984020}
  m_RootOrder: 3
  m_LocalEulerAnglesHint: {x: 0, y: 0, z: 0}
--- !u!23 &420217200
MeshRenderer:
  m_ObjectHideFlags: 0
  m_PrefabParentObject: {fileID: 23345429089491290, guid: f16a5f63e59ee624b9d06dca187be9ac,
    type: 2}
  m_PrefabInternal: {fileID: 1813992536}
  m_GameObject: {fileID: 420217198}
  m_Enabled: 1
  m_CastShadows: 1
  m_ReceiveShadows: 1
  m_MotionVectors: 1
  m_LightProbeUsage: 1
  m_ReflectionProbeUsage: 1
  m_Materials:
  - {fileID: 2100000, guid: 315c67c02aa9a484ba7eebeb602e5299, type: 2}
  m_StaticBatchInfo:
    firstSubMesh: 0
    subMeshCount: 0
  m_StaticBatchRoot: {fileID: 0}
  m_ProbeAnchor: {fileID: 0}
  m_LightProbeVolumeOverride: {fileID: 0}
  m_ScaleInLightmap: 1
  m_PreserveUVs: 0
  m_IgnoreNormalsForChartDetection: 0
  m_ImportantGI: 0
  m_SelectedEditorRenderState: 3
  m_MinimumChartSize: 4
  m_AutoUVMaxDistance: 0.5
  m_AutoUVMaxAngle: 89
  m_LightmapParameters: {fileID: 0}
  m_SortingLayerID: 0
  m_SortingLayer: 0
  m_SortingOrder: 0
--- !u!33 &420217201
MeshFilter:
  m_ObjectHideFlags: 0
  m_PrefabParentObject: {fileID: 33097320357704664, guid: f16a5f63e59ee624b9d06dca187be9ac,
    type: 2}
  m_PrefabInternal: {fileID: 1813992536}
  m_GameObject: {fileID: 420217198}
  m_Mesh: {fileID: 4300006, guid: a657cb0a0437447dda48e67506f0bc94, type: 3}
--- !u!1 &484420744
GameObject:
  m_ObjectHideFlags: 0
  m_PrefabParentObject: {fileID: 1248649616231080, guid: f16a5f63e59ee624b9d06dca187be9ac,
    type: 2}
  m_PrefabInternal: {fileID: 1813992536}
  serializedVersion: 5
  m_Component:
  - component: {fileID: 484420745}
  m_Layer: 0
  m_Name: Vitra-chair (2)
  m_TagString: Untagged
  m_Icon: {fileID: 0}
  m_NavMeshLayer: 0
  m_StaticEditorFlags: 0
  m_IsActive: 1
--- !u!4 &484420745
Transform:
  m_ObjectHideFlags: 0
  m_PrefabParentObject: {fileID: 4800744136077674, guid: f16a5f63e59ee624b9d06dca187be9ac,
    type: 2}
  m_PrefabInternal: {fileID: 1813992536}
  m_GameObject: {fileID: 484420744}
  m_LocalRotation: {x: -0, y: 0.92546785, z: -0, w: -0.37882623}
  m_LocalPosition: {x: 2.9623015, y: 0, z: 0.303755}
  m_LocalScale: {x: 1, y: 1, z: 1}
  m_Children:
  - {fileID: 144074196}
  - {fileID: 1919280840}
  m_Father: {fileID: 339540448}
  m_RootOrder: 17
  m_LocalEulerAnglesHint: {x: 0, y: 224.52199, z: 0}
--- !u!1 &487329742
GameObject:
  m_ObjectHideFlags: 0
  m_PrefabParentObject: {fileID: 1053925546707326, guid: f16a5f63e59ee624b9d06dca187be9ac,
    type: 2}
  m_PrefabInternal: {fileID: 1813992536}
  serializedVersion: 5
  m_Component:
  - component: {fileID: 487329743}
  - component: {fileID: 487329745}
  - component: {fileID: 487329744}
  m_Layer: 0
  m_Name: frame
  m_TagString: Untagged
  m_Icon: {fileID: 0}
  m_NavMeshLayer: 0
  m_StaticEditorFlags: 0
  m_IsActive: 1
--- !u!4 &487329743
Transform:
  m_ObjectHideFlags: 0
  m_PrefabParentObject: {fileID: 4523291743878620, guid: f16a5f63e59ee624b9d06dca187be9ac,
    type: 2}
  m_PrefabInternal: {fileID: 1813992536}
  m_GameObject: {fileID: 487329742}
  m_LocalRotation: {x: 0, y: -0, z: -0, w: 1}
  m_LocalPosition: {x: -0, y: 0, z: 0}
  m_LocalScale: {x: 1, y: 1, z: 1}
  m_Children: []
  m_Father: {fileID: 320273711}
  m_RootOrder: 0
  m_LocalEulerAnglesHint: {x: 0, y: 0, z: 0}
--- !u!23 &487329744
MeshRenderer:
  m_ObjectHideFlags: 0
  m_PrefabParentObject: {fileID: 23689368662940922, guid: f16a5f63e59ee624b9d06dca187be9ac,
    type: 2}
  m_PrefabInternal: {fileID: 1813992536}
  m_GameObject: {fileID: 487329742}
  m_Enabled: 1
  m_CastShadows: 1
  m_ReceiveShadows: 1
  m_MotionVectors: 1
  m_LightProbeUsage: 1
  m_ReflectionProbeUsage: 1
  m_Materials:
  - {fileID: 2100000, guid: be4ceb16fbb084442947b6604f91f660, type: 2}
  m_StaticBatchInfo:
    firstSubMesh: 0
    subMeshCount: 0
  m_StaticBatchRoot: {fileID: 0}
  m_ProbeAnchor: {fileID: 0}
  m_LightProbeVolumeOverride: {fileID: 0}
  m_ScaleInLightmap: 1
  m_PreserveUVs: 0
  m_IgnoreNormalsForChartDetection: 0
  m_ImportantGI: 0
  m_SelectedEditorRenderState: 3
  m_MinimumChartSize: 4
  m_AutoUVMaxDistance: 0.5
  m_AutoUVMaxAngle: 89
  m_LightmapParameters: {fileID: 0}
  m_SortingLayerID: 0
  m_SortingLayer: 0
  m_SortingOrder: 0
--- !u!33 &487329745
MeshFilter:
  m_ObjectHideFlags: 0
  m_PrefabParentObject: {fileID: 33181995467768580, guid: f16a5f63e59ee624b9d06dca187be9ac,
    type: 2}
  m_PrefabInternal: {fileID: 1813992536}
  m_GameObject: {fileID: 487329742}
  m_Mesh: {fileID: 4300000, guid: 36a8af65eb2339f45a810f8d02b85e81, type: 3}
--- !u!1 &515008522
GameObject:
  m_ObjectHideFlags: 0
  m_PrefabParentObject: {fileID: 1411976230393090, guid: f16a5f63e59ee624b9d06dca187be9ac,
    type: 2}
  m_PrefabInternal: {fileID: 1813992536}
  serializedVersion: 5
  m_Component:
  - component: {fileID: 515008523}
  - component: {fileID: 515008524}
  m_Layer: 0
  m_Name: Reflection Probe
  m_TagString: Untagged
  m_Icon: {fileID: 0}
  m_NavMeshLayer: 0
  m_StaticEditorFlags: 0
  m_IsActive: 1
--- !u!4 &515008523
Transform:
  m_ObjectHideFlags: 0
  m_PrefabParentObject: {fileID: 4104360556145432, guid: f16a5f63e59ee624b9d06dca187be9ac,
    type: 2}
  m_PrefabInternal: {fileID: 1813992536}
  m_GameObject: {fileID: 515008522}
  m_LocalRotation: {x: -0, y: 0, z: -0, w: 1}
  m_LocalPosition: {x: 2.0826492, y: 1.222, z: -0.503}
  m_LocalScale: {x: 1, y: 1, z: 1}
  m_Children: []
  m_Father: {fileID: 339540448}
  m_RootOrder: 9
  m_LocalEulerAnglesHint: {x: 0, y: 0, z: 0}
--- !u!215 &515008524
ReflectionProbe:
  m_ObjectHideFlags: 0
  m_PrefabParentObject: {fileID: 215265897323342688, guid: f16a5f63e59ee624b9d06dca187be9ac,
    type: 2}
  m_PrefabInternal: {fileID: 1813992536}
  m_GameObject: {fileID: 515008522}
  m_Enabled: 1
  serializedVersion: 2
  m_Type: 0
  m_Mode: 1
  m_RefreshMode: 0
  m_TimeSlicingMode: 0
  m_Resolution: 128
  m_UpdateFrequency: 0
  m_BoxSize: {x: 10, y: 10, z: 10}
  m_BoxOffset: {x: 0, y: 0, z: 0}
  m_NearClip: 0.3
  m_FarClip: 1000
  m_ShadowDistance: 100
  m_ClearFlags: 1
  m_BackGroundColor: {r: 0.19215687, g: 0.3019608, b: 0.4745098, a: 0}
  m_CullingMask:
    serializedVersion: 2
    m_Bits: 4294967295
  m_IntensityMultiplier: 1
  m_BlendDistance: 1
  m_HDR: 1
  m_BoxProjection: 0
  m_RenderDynamicObjects: 0
  m_UseOcclusionCulling: 1
  m_Importance: 1
  m_CustomBakedTexture: {fileID: 0}
--- !u!1 &547296775
GameObject:
  m_ObjectHideFlags: 0
  m_PrefabParentObject: {fileID: 1739173334430788, guid: f16a5f63e59ee624b9d06dca187be9ac,
    type: 2}
  m_PrefabInternal: {fileID: 1813992536}
  serializedVersion: 5
  m_Component:
  - component: {fileID: 547296776}
  - component: {fileID: 547296778}
  - component: {fileID: 547296777}
  m_Layer: 0
  m_Name: Mesh
  m_TagString: Untagged
  m_Icon: {fileID: 0}
  m_NavMeshLayer: 0
  m_StaticEditorFlags: 4294967295
  m_IsActive: 1
--- !u!4 &547296776
Transform:
  m_ObjectHideFlags: 0
  m_PrefabParentObject: {fileID: 4102727762684770, guid: f16a5f63e59ee624b9d06dca187be9ac,
    type: 2}
  m_PrefabInternal: {fileID: 1813992536}
  m_GameObject: {fileID: 547296775}
  m_LocalRotation: {x: 0, y: -0, z: -0, w: 1}
  m_LocalPosition: {x: -0, y: 0, z: 0}
  m_LocalScale: {x: 1, y: 1, z: 1}
  m_Children: []
  m_Father: {fileID: 1561333670}
  m_RootOrder: 0
  m_LocalEulerAnglesHint: {x: 0, y: 0, z: 0}
--- !u!23 &547296777
MeshRenderer:
  m_ObjectHideFlags: 0
  m_PrefabParentObject: {fileID: 23332747443279858, guid: f16a5f63e59ee624b9d06dca187be9ac,
    type: 2}
  m_PrefabInternal: {fileID: 1813992536}
  m_GameObject: {fileID: 547296775}
  m_Enabled: 1
  m_CastShadows: 1
  m_ReceiveShadows: 1
  m_MotionVectors: 1
  m_LightProbeUsage: 1
  m_ReflectionProbeUsage: 1
  m_Materials:
  - {fileID: 2100000, guid: 29e6d7776cfde4aee95ade5b4a949887, type: 2}
  - {fileID: 2100000, guid: 959fa923a90024db8ac79f5ae39947d9, type: 2}
  m_StaticBatchInfo:
    firstSubMesh: 0
    subMeshCount: 0
  m_StaticBatchRoot: {fileID: 0}
  m_ProbeAnchor: {fileID: 0}
  m_LightProbeVolumeOverride: {fileID: 0}
  m_ScaleInLightmap: 1
  m_PreserveUVs: 0
  m_IgnoreNormalsForChartDetection: 0
  m_ImportantGI: 0
  m_SelectedEditorRenderState: 3
  m_MinimumChartSize: 4
  m_AutoUVMaxDistance: 0.5
  m_AutoUVMaxAngle: 89
  m_LightmapParameters: {fileID: 0}
  m_SortingLayerID: 0
  m_SortingLayer: 0
  m_SortingOrder: 0
--- !u!33 &547296778
MeshFilter:
  m_ObjectHideFlags: 0
  m_PrefabParentObject: {fileID: 33587608202461634, guid: f16a5f63e59ee624b9d06dca187be9ac,
    type: 2}
  m_PrefabInternal: {fileID: 1813992536}
  m_GameObject: {fileID: 547296775}
  m_Mesh: {fileID: 4300000, guid: 957fb9221aafa40769bdb9e005c65dc4, type: 3}
--- !u!1 &553165444
GameObject:
  m_ObjectHideFlags: 0
  m_PrefabParentObject: {fileID: 1547142617380598, guid: f16a5f63e59ee624b9d06dca187be9ac,
    type: 2}
  m_PrefabInternal: {fileID: 1813992536}
  serializedVersion: 5
  m_Component:
  - component: {fileID: 553165445}
  - component: {fileID: 553165448}
  - component: {fileID: 553165447}
  - component: {fileID: 553165446}
  m_Layer: 0
  m_Name: Glass
  m_TagString: Untagged
  m_Icon: {fileID: 0}
  m_NavMeshLayer: 0
  m_StaticEditorFlags: 0
  m_IsActive: 1
--- !u!4 &553165445
Transform:
  m_ObjectHideFlags: 0
  m_PrefabParentObject: {fileID: 4291309332252706, guid: f16a5f63e59ee624b9d06dca187be9ac,
    type: 2}
  m_PrefabInternal: {fileID: 1813992536}
  m_GameObject: {fileID: 553165444}
  m_LocalRotation: {x: -0, y: -0, z: 0.70710677, w: 0.7071068}
  m_LocalPosition: {x: 4.91, y: 1.73, z: 0.36}
  m_LocalScale: {x: 0.6303959, y: 1, z: 1}
  m_Children: []
  m_Father: {fileID: 339540448}
  m_RootOrder: 5
  m_LocalEulerAnglesHint: {x: 0, y: 0, z: 90.00001}
--- !u!23 &553165446
MeshRenderer:
  m_ObjectHideFlags: 0
  m_PrefabParentObject: {fileID: 23662453155815588, guid: f16a5f63e59ee624b9d06dca187be9ac,
    type: 2}
  m_PrefabInternal: {fileID: 1813992536}
  m_GameObject: {fileID: 553165444}
  m_Enabled: 1
  m_CastShadows: 1
  m_ReceiveShadows: 1
  m_MotionVectors: 1
  m_LightProbeUsage: 1
  m_ReflectionProbeUsage: 1
  m_Materials:
  - {fileID: 2100000, guid: 6fdcf1745812d44f688260a030c62719, type: 2}
  m_StaticBatchInfo:
    firstSubMesh: 0
    subMeshCount: 0
  m_StaticBatchRoot: {fileID: 0}
  m_ProbeAnchor: {fileID: 0}
  m_LightProbeVolumeOverride: {fileID: 0}
  m_ScaleInLightmap: 1
  m_PreserveUVs: 1
  m_IgnoreNormalsForChartDetection: 0
  m_ImportantGI: 0
  m_SelectedEditorRenderState: 3
  m_MinimumChartSize: 4
  m_AutoUVMaxDistance: 0.5
  m_AutoUVMaxAngle: 89
  m_LightmapParameters: {fileID: 0}
  m_SortingLayerID: 0
  m_SortingLayer: 0
  m_SortingOrder: 0
--- !u!64 &553165447
MeshCollider:
  m_ObjectHideFlags: 0
  m_PrefabParentObject: {fileID: 64541787381743042, guid: f16a5f63e59ee624b9d06dca187be9ac,
    type: 2}
  m_PrefabInternal: {fileID: 1813992536}
  m_GameObject: {fileID: 553165444}
  m_Material: {fileID: 0}
  m_IsTrigger: 0
  m_Enabled: 1
  serializedVersion: 2
  m_Convex: 0
  m_InflateMesh: 0
  m_SkinWidth: 0.01
  m_Mesh: {fileID: 10209, guid: 0000000000000000e000000000000000, type: 0}
--- !u!33 &553165448
MeshFilter:
  m_ObjectHideFlags: 0
  m_PrefabParentObject: {fileID: 33513076908877848, guid: f16a5f63e59ee624b9d06dca187be9ac,
    type: 2}
  m_PrefabInternal: {fileID: 1813992536}
  m_GameObject: {fileID: 553165444}
  m_Mesh: {fileID: 10209, guid: 0000000000000000e000000000000000, type: 0}
--- !u!1 &602985484
GameObject:
  m_ObjectHideFlags: 0
  m_PrefabParentObject: {fileID: 1445698655826166, guid: f16a5f63e59ee624b9d06dca187be9ac,
    type: 2}
  m_PrefabInternal: {fileID: 1813992536}
  serializedVersion: 5
  m_Component:
  - component: {fileID: 602985485}
  - component: {fileID: 602985487}
  - component: {fileID: 602985486}
  m_Layer: 0
  m_Name: Rectangle2
  m_TagString: Untagged
  m_Icon: {fileID: 0}
  m_NavMeshLayer: 0
  m_StaticEditorFlags: 4294967295
  m_IsActive: 1
--- !u!4 &602985485
Transform:
  m_ObjectHideFlags: 0
  m_PrefabParentObject: {fileID: 4733954241712022, guid: f16a5f63e59ee624b9d06dca187be9ac,
    type: 2}
  m_PrefabInternal: {fileID: 1813992536}
  m_GameObject: {fileID: 602985484}
  m_LocalRotation: {x: 0, y: -0, z: -0, w: 1}
  m_LocalPosition: {x: -0, y: 0, z: 0}
  m_LocalScale: {x: 1, y: 1, z: 1}
  m_Children: []
  m_Father: {fileID: 35984020}
  m_RootOrder: 6
  m_LocalEulerAnglesHint: {x: 0, y: 0, z: 0}
--- !u!23 &602985486
MeshRenderer:
  m_ObjectHideFlags: 0
  m_PrefabParentObject: {fileID: 23711870176435512, guid: f16a5f63e59ee624b9d06dca187be9ac,
    type: 2}
  m_PrefabInternal: {fileID: 1813992536}
  m_GameObject: {fileID: 602985484}
  m_Enabled: 1
  m_CastShadows: 1
  m_ReceiveShadows: 1
  m_MotionVectors: 1
  m_LightProbeUsage: 1
  m_ReflectionProbeUsage: 1
  m_Materials:
  - {fileID: 2100000, guid: 4cec0bd9a3d1944819662eaca9ddd0aa, type: 2}
  m_StaticBatchInfo:
    firstSubMesh: 0
    subMeshCount: 0
  m_StaticBatchRoot: {fileID: 0}
  m_ProbeAnchor: {fileID: 0}
  m_LightProbeVolumeOverride: {fileID: 0}
  m_ScaleInLightmap: 1
  m_PreserveUVs: 0
  m_IgnoreNormalsForChartDetection: 0
  m_ImportantGI: 0
  m_SelectedEditorRenderState: 3
  m_MinimumChartSize: 4
  m_AutoUVMaxDistance: 0.5
  m_AutoUVMaxAngle: 89
  m_LightmapParameters: {fileID: 0}
  m_SortingLayerID: 0
  m_SortingLayer: 0
  m_SortingOrder: 0
--- !u!33 &602985487
MeshFilter:
  m_ObjectHideFlags: 0
  m_PrefabParentObject: {fileID: 33130337604187564, guid: f16a5f63e59ee624b9d06dca187be9ac,
    type: 2}
  m_PrefabInternal: {fileID: 1813992536}
  m_GameObject: {fileID: 602985484}
  m_Mesh: {fileID: 4300012, guid: a657cb0a0437447dda48e67506f0bc94, type: 3}
--- !u!1 &730600128
GameObject:
  m_ObjectHideFlags: 0
  m_PrefabParentObject: {fileID: 1946875634464918, guid: f16a5f63e59ee624b9d06dca187be9ac,
    type: 2}
  m_PrefabInternal: {fileID: 1813992536}
  serializedVersion: 5
  m_Component:
  - component: {fileID: 730600129}
  - component: {fileID: 730600132}
  - component: {fileID: 730600131}
  - component: {fileID: 730600130}
  m_Layer: 0
  m_Name: Plane
  m_TagString: Untagged
  m_Icon: {fileID: 0}
  m_NavMeshLayer: 0
  m_StaticEditorFlags: 0
  m_IsActive: 1
--- !u!4 &730600129
Transform:
  m_ObjectHideFlags: 0
  m_PrefabParentObject: {fileID: 4569178286552824, guid: f16a5f63e59ee624b9d06dca187be9ac,
    type: 2}
  m_PrefabInternal: {fileID: 1813992536}
  m_GameObject: {fileID: 730600128}
  m_LocalRotation: {x: -0, y: 0, z: -0, w: 1}
  m_LocalPosition: {x: -0.03, y: -0.03, z: -0.32}
  m_LocalScale: {x: 1, y: 1, z: 2}
  m_Children: []
  m_Father: {fileID: 339540448}
  m_RootOrder: 8
  m_LocalEulerAnglesHint: {x: 0, y: 0, z: 0}
--- !u!23 &730600130
MeshRenderer:
  m_ObjectHideFlags: 0
  m_PrefabParentObject: {fileID: 23137867056266976, guid: f16a5f63e59ee624b9d06dca187be9ac,
    type: 2}
  m_PrefabInternal: {fileID: 1813992536}
  m_GameObject: {fileID: 730600128}
  m_Enabled: 1
  m_CastShadows: 1
  m_ReceiveShadows: 1
  m_MotionVectors: 1
  m_LightProbeUsage: 1
  m_ReflectionProbeUsage: 1
  m_Materials:
  - {fileID: 2100000, guid: b5198f8af2f2fb74d81edc8ca9d255ce, type: 2}
  m_StaticBatchInfo:
    firstSubMesh: 0
    subMeshCount: 0
  m_StaticBatchRoot: {fileID: 0}
  m_ProbeAnchor: {fileID: 0}
  m_LightProbeVolumeOverride: {fileID: 0}
  m_ScaleInLightmap: 1
  m_PreserveUVs: 1
  m_IgnoreNormalsForChartDetection: 0
  m_ImportantGI: 0
  m_SelectedEditorRenderState: 3
  m_MinimumChartSize: 4
  m_AutoUVMaxDistance: 0.5
  m_AutoUVMaxAngle: 89
  m_LightmapParameters: {fileID: 0}
  m_SortingLayerID: 0
  m_SortingLayer: 0
  m_SortingOrder: 0
--- !u!64 &730600131
MeshCollider:
  m_ObjectHideFlags: 0
  m_PrefabParentObject: {fileID: 64423005438209942, guid: f16a5f63e59ee624b9d06dca187be9ac,
    type: 2}
  m_PrefabInternal: {fileID: 1813992536}
  m_GameObject: {fileID: 730600128}
  m_Material: {fileID: 0}
  m_IsTrigger: 0
  m_Enabled: 1
  serializedVersion: 2
  m_Convex: 0
  m_InflateMesh: 0
  m_SkinWidth: 0.01
  m_Mesh: {fileID: 10209, guid: 0000000000000000e000000000000000, type: 0}
--- !u!33 &730600132
MeshFilter:
  m_ObjectHideFlags: 0
  m_PrefabParentObject: {fileID: 33169568612670340, guid: f16a5f63e59ee624b9d06dca187be9ac,
    type: 2}
  m_PrefabInternal: {fileID: 1813992536}
  m_GameObject: {fileID: 730600128}
  m_Mesh: {fileID: 10209, guid: 0000000000000000e000000000000000, type: 0}
--- !u!1 &732592755
GameObject:
  m_ObjectHideFlags: 0
  m_PrefabParentObject: {fileID: 1423370512047726, guid: f16a5f63e59ee624b9d06dca187be9ac,
    type: 2}
  m_PrefabInternal: {fileID: 1813992536}
  serializedVersion: 5
  m_Component:
  - component: {fileID: 732592756}
  - component: {fileID: 732592758}
  - component: {fileID: 732592757}
  m_Layer: 0
  m_Name: Door
  m_TagString: Untagged
  m_Icon: {fileID: 0}
  m_NavMeshLayer: 0
  m_StaticEditorFlags: 0
  m_IsActive: 1
--- !u!4 &732592756
Transform:
  m_ObjectHideFlags: 0
  m_PrefabParentObject: {fileID: 4319733962082010, guid: f16a5f63e59ee624b9d06dca187be9ac,
    type: 2}
  m_PrefabInternal: {fileID: 1813992536}
  m_GameObject: {fileID: 732592755}
  m_LocalRotation: {x: 0, y: -0, z: -0, w: 1}
  m_LocalPosition: {x: -0, y: 0, z: 0}
  m_LocalScale: {x: 1, y: 1, z: 1}
  m_Children: []
  m_Father: {fileID: 339540448}
  m_RootOrder: 1
  m_LocalEulerAnglesHint: {x: 0, y: 0, z: 0}
--- !u!23 &732592757
MeshRenderer:
  m_ObjectHideFlags: 0
  m_PrefabParentObject: {fileID: 23746881246358334, guid: f16a5f63e59ee624b9d06dca187be9ac,
    type: 2}
  m_PrefabInternal: {fileID: 1813992536}
  m_GameObject: {fileID: 732592755}
  m_Enabled: 1
  m_CastShadows: 1
  m_ReceiveShadows: 1
  m_MotionVectors: 1
  m_LightProbeUsage: 1
  m_ReflectionProbeUsage: 1
  m_Materials:
  - {fileID: 2100000, guid: 928f7fc191d604eb082427855666a83d, type: 2}
  m_StaticBatchInfo:
    firstSubMesh: 0
    subMeshCount: 0
  m_StaticBatchRoot: {fileID: 0}
  m_ProbeAnchor: {fileID: 0}
  m_LightProbeVolumeOverride: {fileID: 0}
  m_ScaleInLightmap: 1
  m_PreserveUVs: 0
  m_IgnoreNormalsForChartDetection: 0
  m_ImportantGI: 0
  m_SelectedEditorRenderState: 3
  m_MinimumChartSize: 4
  m_AutoUVMaxDistance: 0.5
  m_AutoUVMaxAngle: 89
  m_LightmapParameters: {fileID: 0}
  m_SortingLayerID: 0
  m_SortingLayer: 0
  m_SortingOrder: 0
--- !u!33 &732592758
MeshFilter:
  m_ObjectHideFlags: 0
  m_PrefabParentObject: {fileID: 33970294777945516, guid: f16a5f63e59ee624b9d06dca187be9ac,
    type: 2}
  m_PrefabInternal: {fileID: 1813992536}
  m_GameObject: {fileID: 732592755}
  m_Mesh: {fileID: 4300002, guid: 0c3fc86234ec6fe4ba2c545b9d1f2bd2, type: 3}
--- !u!1 &755465494
GameObject:
  m_ObjectHideFlags: 0
  m_PrefabParentObject: {fileID: 1055676297810372, guid: f16a5f63e59ee624b9d06dca187be9ac,
    type: 2}
  m_PrefabInternal: {fileID: 1813992536}
  serializedVersion: 5
  m_Component:
  - component: {fileID: 755465495}
  - component: {fileID: 755465496}
  m_Layer: 0
  m_Name: Spotlight
  m_TagString: Untagged
  m_Icon: {fileID: 0}
  m_NavMeshLayer: 0
  m_StaticEditorFlags: 0
  m_IsActive: 1
--- !u!4 &755465495
Transform:
  m_ObjectHideFlags: 0
  m_PrefabParentObject: {fileID: 4565582702759322, guid: f16a5f63e59ee624b9d06dca187be9ac,
    type: 2}
  m_PrefabInternal: {fileID: 1813992536}
  m_GameObject: {fileID: 755465494}
  m_LocalRotation: {x: 0.7071068, y: 0, z: -0, w: 0.7071068}
  m_LocalPosition: {x: 1.951, y: 2.155, z: 0.577}
  m_LocalScale: {x: 1, y: 1, z: 1}
  m_Children: []
  m_Father: {fileID: 339540448}
  m_RootOrder: 6
  m_LocalEulerAnglesHint: {x: 90, y: 0, z: 0}
--- !u!108 &755465496
Light:
  m_ObjectHideFlags: 0
  m_PrefabParentObject: {fileID: 108317093790209182, guid: f16a5f63e59ee624b9d06dca187be9ac,
    type: 2}
  m_PrefabInternal: {fileID: 1813992536}
  m_GameObject: {fileID: 755465494}
  m_Enabled: 1
  serializedVersion: 8
  m_Type: 0
  m_Color: {r: 1, g: 1, b: 1, a: 1}
  m_Intensity: 2
  m_Range: 2.1323988
  m_SpotAngle: 114.52332
  m_CookieSize: 10
  m_Shadows:
    m_Type: 2
    m_Resolution: -1
    m_CustomResolution: -1
    m_Strength: 0.444
    m_Bias: 0.05
    m_NormalBias: 0.4
    m_NearPlane: 0.2
  m_Cookie: {fileID: 0}
  m_DrawHalo: 0
  m_Flare: {fileID: 0}
  m_RenderMode: 0
  m_CullingMask:
    serializedVersion: 2
    m_Bits: 4294967295
  m_Lightmapping: 2
  m_AreaSize: {x: 1, y: 1}
  m_BounceIntensity: 1
  m_FalloffTable:
    m_Table[0]: 0
    m_Table[1]: 0
    m_Table[2]: 0
    m_Table[3]: 0
    m_Table[4]: 0
    m_Table[5]: 0
    m_Table[6]: 0
    m_Table[7]: 0
    m_Table[8]: 0
    m_Table[9]: 0
    m_Table[10]: 0
    m_Table[11]: 0
    m_Table[12]: 0
  m_ColorTemperature: 6570
  m_UseColorTemperature: 0
  m_ShadowRadius: 0
  m_ShadowAngle: 0
--- !u!1 &883512710
GameObject:
  m_ObjectHideFlags: 0
  m_PrefabParentObject: {fileID: 1661114188297132, guid: f16a5f63e59ee624b9d06dca187be9ac,
    type: 2}
  m_PrefabInternal: {fileID: 1813992536}
  serializedVersion: 5
  m_Component:
  - component: {fileID: 883512711}
  - component: {fileID: 883512712}
  m_Layer: 0
  m_Name: Area Light
  m_TagString: Untagged
  m_Icon: {fileID: 0}
  m_NavMeshLayer: 0
  m_StaticEditorFlags: 0
  m_IsActive: 1
--- !u!4 &883512711
Transform:
  m_ObjectHideFlags: 0
  m_PrefabParentObject: {fileID: 4045767878517982, guid: f16a5f63e59ee624b9d06dca187be9ac,
    type: 2}
  m_PrefabInternal: {fileID: 1813992536}
  m_GameObject: {fileID: 883512710}
  m_LocalRotation: {x: 0.50000024, y: -0.5, z: -0.5, w: 0.49999982}
  m_LocalPosition: {x: 5.677, y: 2.23, z: -0.31}
  m_LocalScale: {x: 1, y: 1, z: 1}
  m_Children: []
  m_Father: {fileID: 339540448}
  m_RootOrder: 10
  m_LocalEulerAnglesHint: {x: 180, y: 89.99999, z: 89.99999}
--- !u!108 &883512712
Light:
  m_ObjectHideFlags: 0
  m_PrefabParentObject: {fileID: 108819656378601650, guid: f16a5f63e59ee624b9d06dca187be9ac,
    type: 2}
  m_PrefabInternal: {fileID: 1813992536}
  m_GameObject: {fileID: 883512710}
  m_Enabled: 1
  serializedVersion: 8
  m_Type: 3
  m_Color: {r: 0.941, g: 1, b: 1, a: 1}
  m_Intensity: 1
  m_Range: 10
  m_SpotAngle: 30
  m_CookieSize: 10
  m_Shadows:
    m_Type: 0
    m_Resolution: -1
    m_CustomResolution: -1
    m_Strength: 1
    m_Bias: 0.05
    m_NormalBias: 0.4
    m_NearPlane: 0.2
  m_Cookie: {fileID: 0}
  m_DrawHalo: 0
  m_Flare: {fileID: 0}
  m_RenderMode: 0
  m_CullingMask:
    serializedVersion: 2
    m_Bits: 4294967295
  m_Lightmapping: 2
  m_AreaSize: {x: 5.7366905, y: 10.2358055}
  m_BounceIntensity: 1
  m_FalloffTable:
    m_Table[0]: 0
    m_Table[1]: 0
    m_Table[2]: 0
    m_Table[3]: 0
    m_Table[4]: 0
    m_Table[5]: 0
    m_Table[6]: 0
    m_Table[7]: 0
    m_Table[8]: 0
    m_Table[9]: 0
    m_Table[10]: 0
    m_Table[11]: 0
    m_Table[12]: 0
  m_ColorTemperature: 6570
  m_UseColorTemperature: 0
  m_ShadowRadius: 0
  m_ShadowAngle: 0
--- !u!1 &979681294
GameObject:
  m_ObjectHideFlags: 0
  m_PrefabParentObject: {fileID: 1478086590578662, guid: f16a5f63e59ee624b9d06dca187be9ac,
    type: 2}
  m_PrefabInternal: {fileID: 1813992536}
  serializedVersion: 5
  m_Component:
  - component: {fileID: 979681295}
  - component: {fileID: 979681297}
  - component: {fileID: 979681296}
  m_Layer: 0
  m_Name: leather
  m_TagString: Untagged
  m_Icon: {fileID: 0}
  m_NavMeshLayer: 0
  m_StaticEditorFlags: 0
  m_IsActive: 1
--- !u!4 &979681295
Transform:
  m_ObjectHideFlags: 0
  m_PrefabParentObject: {fileID: 4819625587039750, guid: f16a5f63e59ee624b9d06dca187be9ac,
    type: 2}
  m_PrefabInternal: {fileID: 1813992536}
  m_GameObject: {fileID: 979681294}
  m_LocalRotation: {x: 0, y: -0, z: -0, w: 1}
  m_LocalPosition: {x: -0, y: 0, z: 0}
  m_LocalScale: {x: 1, y: 1, z: 1}
  m_Children: []
  m_Father: {fileID: 320273711}
  m_RootOrder: 1
  m_LocalEulerAnglesHint: {x: 0, y: 0, z: 0}
--- !u!23 &979681296
MeshRenderer:
  m_ObjectHideFlags: 0
  m_PrefabParentObject: {fileID: 23153115428215322, guid: f16a5f63e59ee624b9d06dca187be9ac,
    type: 2}
  m_PrefabInternal: {fileID: 1813992536}
  m_GameObject: {fileID: 979681294}
  m_Enabled: 1
  m_CastShadows: 1
  m_ReceiveShadows: 1
  m_MotionVectors: 1
  m_LightProbeUsage: 1
  m_ReflectionProbeUsage: 1
  m_Materials:
  - {fileID: 2100000, guid: be4ceb16fbb084442947b6604f91f660, type: 2}
  m_StaticBatchInfo:
    firstSubMesh: 0
    subMeshCount: 0
  m_StaticBatchRoot: {fileID: 0}
  m_ProbeAnchor: {fileID: 0}
  m_LightProbeVolumeOverride: {fileID: 0}
  m_ScaleInLightmap: 1
  m_PreserveUVs: 0
  m_IgnoreNormalsForChartDetection: 0
  m_ImportantGI: 0
  m_SelectedEditorRenderState: 3
  m_MinimumChartSize: 4
  m_AutoUVMaxDistance: 0.5
  m_AutoUVMaxAngle: 89
  m_LightmapParameters: {fileID: 0}
  m_SortingLayerID: 0
  m_SortingLayer: 0
  m_SortingOrder: 0
--- !u!33 &979681297
MeshFilter:
  m_ObjectHideFlags: 0
  m_PrefabParentObject: {fileID: 33928409775862796, guid: f16a5f63e59ee624b9d06dca187be9ac,
    type: 2}
  m_PrefabInternal: {fileID: 1813992536}
  m_GameObject: {fileID: 979681294}
  m_Mesh: {fileID: 4300002, guid: 36a8af65eb2339f45a810f8d02b85e81, type: 3}
--- !u!1 &1021826341
GameObject:
  m_ObjectHideFlags: 0
  m_PrefabParentObject: {fileID: 1778564545707074, guid: f16a5f63e59ee624b9d06dca187be9ac,
    type: 2}
  m_PrefabInternal: {fileID: 1813992536}
  serializedVersion: 5
  m_Component:
  - component: {fileID: 1021826342}
  m_Layer: 0
  m_Name: Texture Group
  m_TagString: Untagged
  m_Icon: {fileID: 0}
  m_NavMeshLayer: 0
  m_StaticEditorFlags: 4294967295
  m_IsActive: 1
--- !u!4 &1021826342
Transform:
  m_ObjectHideFlags: 0
  m_PrefabParentObject: {fileID: 4060811916285492, guid: f16a5f63e59ee624b9d06dca187be9ac,
    type: 2}
  m_PrefabInternal: {fileID: 1813992536}
  m_GameObject: {fileID: 1021826341}
  m_LocalRotation: {x: 0, y: -0, z: -0, w: 1}
  m_LocalPosition: {x: -0, y: 0, z: 0}
  m_LocalScale: {x: 1, y: 1, z: 1}
  m_Children: []
  m_Father: {fileID: 1561333670}
  m_RootOrder: 1
  m_LocalEulerAnglesHint: {x: 0, y: 0, z: 0}
--- !u!1 &1023010551
GameObject:
  m_ObjectHideFlags: 0
  m_PrefabParentObject: {fileID: 1671197780863256, guid: f16a5f63e59ee624b9d06dca187be9ac,
    type: 2}
  m_PrefabInternal: {fileID: 1813992536}
  serializedVersion: 5
  m_Component:
  - component: {fileID: 1023010552}
  - component: {fileID: 1023010554}
  - component: {fileID: 1023010553}
  m_Layer: 0
  m_Name: Circle03
  m_TagString: Untagged
  m_Icon: {fileID: 0}
  m_NavMeshLayer: 0
  m_StaticEditorFlags: 4294967295
  m_IsActive: 1
--- !u!4 &1023010552
Transform:
  m_ObjectHideFlags: 0
  m_PrefabParentObject: {fileID: 4972750156071854, guid: f16a5f63e59ee624b9d06dca187be9ac,
    type: 2}
  m_PrefabInternal: {fileID: 1813992536}
  m_GameObject: {fileID: 1023010551}
  m_LocalRotation: {x: 0, y: -0, z: -0, w: 1}
  m_LocalPosition: {x: -0, y: 0, z: 0}
  m_LocalScale: {x: 1, y: 1, z: 1}
  m_Children: []
  m_Father: {fileID: 35984020}
  m_RootOrder: 2
  m_LocalEulerAnglesHint: {x: 0, y: 0, z: 0}
--- !u!23 &1023010553
MeshRenderer:
  m_ObjectHideFlags: 0
  m_PrefabParentObject: {fileID: 23302957187424116, guid: f16a5f63e59ee624b9d06dca187be9ac,
    type: 2}
  m_PrefabInternal: {fileID: 1813992536}
  m_GameObject: {fileID: 1023010551}
  m_Enabled: 1
  m_CastShadows: 1
  m_ReceiveShadows: 1
  m_MotionVectors: 1
  m_LightProbeUsage: 1
  m_ReflectionProbeUsage: 1
  m_Materials:
  - {fileID: 2100000, guid: 4cec0bd9a3d1944819662eaca9ddd0aa, type: 2}
  m_StaticBatchInfo:
    firstSubMesh: 0
    subMeshCount: 0
  m_StaticBatchRoot: {fileID: 0}
  m_ProbeAnchor: {fileID: 0}
  m_LightProbeVolumeOverride: {fileID: 0}
  m_ScaleInLightmap: 1
  m_PreserveUVs: 0
  m_IgnoreNormalsForChartDetection: 0
  m_ImportantGI: 0
  m_SelectedEditorRenderState: 3
  m_MinimumChartSize: 4
  m_AutoUVMaxDistance: 0.5
  m_AutoUVMaxAngle: 89
  m_LightmapParameters: {fileID: 0}
  m_SortingLayerID: 0
  m_SortingLayer: 0
  m_SortingOrder: 0
--- !u!33 &1023010554
MeshFilter:
  m_ObjectHideFlags: 0
  m_PrefabParentObject: {fileID: 33733374422283002, guid: f16a5f63e59ee624b9d06dca187be9ac,
    type: 2}
  m_PrefabInternal: {fileID: 1813992536}
  m_GameObject: {fileID: 1023010551}
  m_Mesh: {fileID: 4300004, guid: a657cb0a0437447dda48e67506f0bc94, type: 3}
--- !u!1 &1026776971
GameObject:
  m_ObjectHideFlags: 0
  m_PrefabParentObject: {fileID: 1927647520330446, guid: f16a5f63e59ee624b9d06dca187be9ac,
    type: 2}
  m_PrefabInternal: {fileID: 1813992536}
  serializedVersion: 5
  m_Component:
  - component: {fileID: 1026776972}
  - component: {fileID: 1026776974}
  - component: {fileID: 1026776973}
  m_Layer: 0
  m_Name: leather
  m_TagString: Untagged
  m_Icon: {fileID: 0}
  m_NavMeshLayer: 0
  m_StaticEditorFlags: 0
  m_IsActive: 1
--- !u!4 &1026776972
Transform:
  m_ObjectHideFlags: 0
  m_PrefabParentObject: {fileID: 4827873182522828, guid: f16a5f63e59ee624b9d06dca187be9ac,
    type: 2}
  m_PrefabInternal: {fileID: 1813992536}
  m_GameObject: {fileID: 1026776971}
  m_LocalRotation: {x: 0, y: -0, z: -0, w: 1}
  m_LocalPosition: {x: -0, y: 0, z: 0}
  m_LocalScale: {x: 1, y: 1, z: 1}
  m_Children: []
  m_Father: {fileID: 1539218462}
  m_RootOrder: 1
  m_LocalEulerAnglesHint: {x: 0, y: 0, z: 0}
--- !u!23 &1026776973
MeshRenderer:
  m_ObjectHideFlags: 0
  m_PrefabParentObject: {fileID: 23201174351117072, guid: f16a5f63e59ee624b9d06dca187be9ac,
    type: 2}
  m_PrefabInternal: {fileID: 1813992536}
  m_GameObject: {fileID: 1026776971}
  m_Enabled: 1
  m_CastShadows: 1
  m_ReceiveShadows: 1
  m_MotionVectors: 1
  m_LightProbeUsage: 1
  m_ReflectionProbeUsage: 1
  m_Materials:
  - {fileID: 2100000, guid: be4ceb16fbb084442947b6604f91f660, type: 2}
  m_StaticBatchInfo:
    firstSubMesh: 0
    subMeshCount: 0
  m_StaticBatchRoot: {fileID: 0}
  m_ProbeAnchor: {fileID: 0}
  m_LightProbeVolumeOverride: {fileID: 0}
  m_ScaleInLightmap: 1
  m_PreserveUVs: 0
  m_IgnoreNormalsForChartDetection: 0
  m_ImportantGI: 0
  m_SelectedEditorRenderState: 3
  m_MinimumChartSize: 4
  m_AutoUVMaxDistance: 0.5
  m_AutoUVMaxAngle: 89
  m_LightmapParameters: {fileID: 0}
  m_SortingLayerID: 0
  m_SortingLayer: 0
  m_SortingOrder: 0
--- !u!33 &1026776974
MeshFilter:
  m_ObjectHideFlags: 0
  m_PrefabParentObject: {fileID: 33951773635977156, guid: f16a5f63e59ee624b9d06dca187be9ac,
    type: 2}
  m_PrefabInternal: {fileID: 1813992536}
  m_GameObject: {fileID: 1026776971}
  m_Mesh: {fileID: 4300002, guid: 36a8af65eb2339f45a810f8d02b85e81, type: 3}
--- !u!1 &1184136322
GameObject:
  m_ObjectHideFlags: 0
  m_PrefabParentObject: {fileID: 1776530008702696, guid: f16a5f63e59ee624b9d06dca187be9ac,
    type: 2}
  m_PrefabInternal: {fileID: 1813992536}
  serializedVersion: 5
  m_Component:
  - component: {fileID: 1184136323}
  - component: {fileID: 1184136325}
  - component: {fileID: 1184136324}
  m_Layer: 0
  m_Name: Circle02
  m_TagString: Untagged
  m_Icon: {fileID: 0}
  m_NavMeshLayer: 0
  m_StaticEditorFlags: 4294967295
  m_IsActive: 1
--- !u!4 &1184136323
Transform:
  m_ObjectHideFlags: 0
  m_PrefabParentObject: {fileID: 4992352753952638, guid: f16a5f63e59ee624b9d06dca187be9ac,
    type: 2}
  m_PrefabInternal: {fileID: 1813992536}
  m_GameObject: {fileID: 1184136322}
  m_LocalRotation: {x: 0, y: -0, z: -0, w: 1}
  m_LocalPosition: {x: -0, y: 0, z: 0}
  m_LocalScale: {x: 1, y: 1, z: 1}
  m_Children: []
  m_Father: {fileID: 35984020}
  m_RootOrder: 1
  m_LocalEulerAnglesHint: {x: 0, y: 0, z: 0}
--- !u!23 &1184136324
MeshRenderer:
  m_ObjectHideFlags: 0
  m_PrefabParentObject: {fileID: 23439822971907358, guid: f16a5f63e59ee624b9d06dca187be9ac,
    type: 2}
  m_PrefabInternal: {fileID: 1813992536}
  m_GameObject: {fileID: 1184136322}
  m_Enabled: 1
  m_CastShadows: 1
  m_ReceiveShadows: 1
  m_MotionVectors: 1
  m_LightProbeUsage: 1
  m_ReflectionProbeUsage: 1
  m_Materials:
  - {fileID: 2100000, guid: 4cec0bd9a3d1944819662eaca9ddd0aa, type: 2}
  m_StaticBatchInfo:
    firstSubMesh: 0
    subMeshCount: 0
  m_StaticBatchRoot: {fileID: 0}
  m_ProbeAnchor: {fileID: 0}
  m_LightProbeVolumeOverride: {fileID: 0}
  m_ScaleInLightmap: 1
  m_PreserveUVs: 0
  m_IgnoreNormalsForChartDetection: 0
  m_ImportantGI: 0
  m_SelectedEditorRenderState: 3
  m_MinimumChartSize: 4
  m_AutoUVMaxDistance: 0.5
  m_AutoUVMaxAngle: 89
  m_LightmapParameters: {fileID: 0}
  m_SortingLayerID: 0
  m_SortingLayer: 0
  m_SortingOrder: 0
--- !u!33 &1184136325
MeshFilter:
  m_ObjectHideFlags: 0
  m_PrefabParentObject: {fileID: 33774154109176178, guid: f16a5f63e59ee624b9d06dca187be9ac,
    type: 2}
  m_PrefabInternal: {fileID: 1813992536}
  m_GameObject: {fileID: 1184136322}
  m_Mesh: {fileID: 4300002, guid: a657cb0a0437447dda48e67506f0bc94, type: 3}
--- !u!1 &1310920113
GameObject:
  m_ObjectHideFlags: 0
  m_PrefabParentObject: {fileID: 1950566931214728, guid: f16a5f63e59ee624b9d06dca187be9ac,
    type: 2}
  m_PrefabInternal: {fileID: 1813992536}
  serializedVersion: 5
  m_Component:
  - component: {fileID: 1310920114}
  - component: {fileID: 1310920116}
  - component: {fileID: 1310920115}
  m_Layer: 0
  m_Name: floor
  m_TagString: Untagged
  m_Icon: {fileID: 0}
  m_NavMeshLayer: 0
  m_StaticEditorFlags: 0
  m_IsActive: 1
--- !u!4 &1310920114
Transform:
  m_ObjectHideFlags: 0
  m_PrefabParentObject: {fileID: 4644650436323304, guid: f16a5f63e59ee624b9d06dca187be9ac,
    type: 2}
  m_PrefabInternal: {fileID: 1813992536}
  m_GameObject: {fileID: 1310920113}
  m_LocalRotation: {x: 0, y: -0, z: -0, w: 1}
  m_LocalPosition: {x: -0, y: 0, z: 0}
  m_LocalScale: {x: 1, y: 1, z: 1}
  m_Children: []
  m_Father: {fileID: 339540448}
  m_RootOrder: 2
  m_LocalEulerAnglesHint: {x: 0, y: 0, z: 0}
--- !u!23 &1310920115
MeshRenderer:
  m_ObjectHideFlags: 0
  m_PrefabParentObject: {fileID: 23726236575110538, guid: f16a5f63e59ee624b9d06dca187be9ac,
    type: 2}
  m_PrefabInternal: {fileID: 1813992536}
  m_GameObject: {fileID: 1310920113}
  m_Enabled: 1
  m_CastShadows: 1
  m_ReceiveShadows: 1
  m_MotionVectors: 1
  m_LightProbeUsage: 1
  m_ReflectionProbeUsage: 1
  m_Materials:
  - {fileID: 2100000, guid: 7e181fd161a9d4c41a7d09c87806d01d, type: 2}
  m_StaticBatchInfo:
    firstSubMesh: 0
    subMeshCount: 0
  m_StaticBatchRoot: {fileID: 0}
  m_ProbeAnchor: {fileID: 0}
  m_LightProbeVolumeOverride: {fileID: 0}
  m_ScaleInLightmap: 1
  m_PreserveUVs: 0
  m_IgnoreNormalsForChartDetection: 0
  m_ImportantGI: 0
  m_SelectedEditorRenderState: 3
  m_MinimumChartSize: 4
  m_AutoUVMaxDistance: 0.5
  m_AutoUVMaxAngle: 89
  m_LightmapParameters: {fileID: 0}
  m_SortingLayerID: 0
  m_SortingLayer: 0
  m_SortingOrder: 0
--- !u!33 &1310920116
MeshFilter:
  m_ObjectHideFlags: 0
  m_PrefabParentObject: {fileID: 33716925494602724, guid: f16a5f63e59ee624b9d06dca187be9ac,
    type: 2}
  m_PrefabInternal: {fileID: 1813992536}
  m_GameObject: {fileID: 1310920113}
  m_Mesh: {fileID: 4300004, guid: 0c3fc86234ec6fe4ba2c545b9d1f2bd2, type: 3}
--- !u!1 &1400637338
GameObject:
  m_ObjectHideFlags: 0
  m_PrefabParentObject: {fileID: 1396885730238956, guid: f16a5f63e59ee624b9d06dca187be9ac,
    type: 2}
  m_PrefabInternal: {fileID: 1813992536}
  serializedVersion: 5
  m_Component:
  - component: {fileID: 1400637339}
  - component: {fileID: 1400637340}
  m_Layer: 0
  m_Name: Spotlight (1)
  m_TagString: Untagged
  m_Icon: {fileID: 0}
  m_NavMeshLayer: 0
  m_StaticEditorFlags: 0
  m_IsActive: 1
--- !u!4 &1400637339
Transform:
  m_ObjectHideFlags: 0
  m_PrefabParentObject: {fileID: 4063911036666924, guid: f16a5f63e59ee624b9d06dca187be9ac,
    type: 2}
  m_PrefabInternal: {fileID: 1813992536}
  m_GameObject: {fileID: 1400637338}
  m_LocalRotation: {x: 0.7071068, y: 0, z: -0, w: 0.7071068}
  m_LocalPosition: {x: 1.951, y: 2.155, z: -1.006}
  m_LocalScale: {x: 1, y: 1, z: 1}
  m_Children: []
  m_Father: {fileID: 339540448}
  m_RootOrder: 7
  m_LocalEulerAnglesHint: {x: 90, y: 0, z: 0}
--- !u!108 &1400637340
Light:
  m_ObjectHideFlags: 0
  m_PrefabParentObject: {fileID: 108100129390669102, guid: f16a5f63e59ee624b9d06dca187be9ac,
    type: 2}
  m_PrefabInternal: {fileID: 1813992536}
  m_GameObject: {fileID: 1400637338}
  m_Enabled: 1
  serializedVersion: 8
  m_Type: 0
  m_Color: {r: 1, g: 1, b: 1, a: 1}
  m_Intensity: 2
  m_Range: 2.1323988
  m_SpotAngle: 114.52332
  m_CookieSize: 10
  m_Shadows:
    m_Type: 2
    m_Resolution: -1
    m_CustomResolution: -1
    m_Strength: 0.444
    m_Bias: 0.05
    m_NormalBias: 0.4
    m_NearPlane: 0.2
  m_Cookie: {fileID: 0}
  m_DrawHalo: 0
  m_Flare: {fileID: 0}
  m_RenderMode: 0
  m_CullingMask:
    serializedVersion: 2
    m_Bits: 4294967295
  m_Lightmapping: 2
  m_AreaSize: {x: 1, y: 1}
  m_BounceIntensity: 1
  m_FalloffTable:
    m_Table[0]: 0
    m_Table[1]: 0
    m_Table[2]: 0
    m_Table[3]: 0
    m_Table[4]: 0
    m_Table[5]: 0
    m_Table[6]: 0
    m_Table[7]: 0
    m_Table[8]: 0
    m_Table[9]: 0
    m_Table[10]: 0
    m_Table[11]: 0
    m_Table[12]: 0
  m_ColorTemperature: 6570
  m_UseColorTemperature: 0
  m_ShadowRadius: 0
  m_ShadowAngle: 0
--- !u!1 &1482302561
GameObject:
  m_ObjectHideFlags: 0
  m_PrefabParentObject: {fileID: 1083802232109512, guid: f16a5f63e59ee624b9d06dca187be9ac,
    type: 2}
  m_PrefabInternal: {fileID: 1813992536}
  serializedVersion: 5
  m_Component:
  - component: {fileID: 1482302562}
  - component: {fileID: 1482302564}
  - component: {fileID: 1482302563}
  m_Layer: 0
  m_Name: walls
  m_TagString: Untagged
  m_Icon: {fileID: 0}
  m_NavMeshLayer: 0
  m_StaticEditorFlags: 0
  m_IsActive: 1
--- !u!4 &1482302562
Transform:
  m_ObjectHideFlags: 0
  m_PrefabParentObject: {fileID: 4269039593723400, guid: f16a5f63e59ee624b9d06dca187be9ac,
    type: 2}
  m_PrefabInternal: {fileID: 1813992536}
  m_GameObject: {fileID: 1482302561}
  m_LocalRotation: {x: 0, y: -0, z: -0, w: 1}
  m_LocalPosition: {x: -0, y: 0, z: 0}
  m_LocalScale: {x: 1, y: 1, z: 1}
  m_Children: []
  m_Father: {fileID: 339540448}
  m_RootOrder: 3
  m_LocalEulerAnglesHint: {x: 0, y: 0, z: 0}
--- !u!23 &1482302563
MeshRenderer:
  m_ObjectHideFlags: 0
  m_PrefabParentObject: {fileID: 23861812825156098, guid: f16a5f63e59ee624b9d06dca187be9ac,
    type: 2}
  m_PrefabInternal: {fileID: 1813992536}
  m_GameObject: {fileID: 1482302561}
  m_Enabled: 1
  m_CastShadows: 1
  m_ReceiveShadows: 1
  m_MotionVectors: 1
  m_LightProbeUsage: 1
  m_ReflectionProbeUsage: 1
  m_Materials:
  - {fileID: 2100000, guid: 8e53f458c50238748a0e25fbe049b465, type: 2}
  m_StaticBatchInfo:
    firstSubMesh: 0
    subMeshCount: 0
  m_StaticBatchRoot: {fileID: 0}
  m_ProbeAnchor: {fileID: 0}
  m_LightProbeVolumeOverride: {fileID: 0}
  m_ScaleInLightmap: 1
  m_PreserveUVs: 0
  m_IgnoreNormalsForChartDetection: 0
  m_ImportantGI: 0
  m_SelectedEditorRenderState: 3
  m_MinimumChartSize: 4
  m_AutoUVMaxDistance: 0.5
  m_AutoUVMaxAngle: 89
  m_LightmapParameters: {fileID: 0}
  m_SortingLayerID: 0
  m_SortingLayer: 0
  m_SortingOrder: 0
--- !u!33 &1482302564
MeshFilter:
  m_ObjectHideFlags: 0
  m_PrefabParentObject: {fileID: 33976816179337222, guid: f16a5f63e59ee624b9d06dca187be9ac,
    type: 2}
  m_PrefabInternal: {fileID: 1813992536}
  m_GameObject: {fileID: 1482302561}
  m_Mesh: {fileID: 4300006, guid: 0c3fc86234ec6fe4ba2c545b9d1f2bd2, type: 3}
--- !u!1 &1539218461
GameObject:
  m_ObjectHideFlags: 0
  m_PrefabParentObject: {fileID: 1609788527288414, guid: f16a5f63e59ee624b9d06dca187be9ac,
    type: 2}
  m_PrefabInternal: {fileID: 1813992536}
  serializedVersion: 5
  m_Component:
  - component: {fileID: 1539218462}
  m_Layer: 0
  m_Name: Vitra-chair
  m_TagString: Untagged
  m_Icon: {fileID: 0}
  m_NavMeshLayer: 0
  m_StaticEditorFlags: 0
  m_IsActive: 1
--- !u!4 &1539218462
Transform:
  m_ObjectHideFlags: 0
  m_PrefabParentObject: {fileID: 4322828668511194, guid: f16a5f63e59ee624b9d06dca187be9ac,
    type: 2}
  m_PrefabInternal: {fileID: 1813992536}
  m_GameObject: {fileID: 1539218461}
  m_LocalRotation: {x: -0, y: 0.9202368, z: -0, w: 0.3913621}
  m_LocalPosition: {x: 0.851, y: 0, z: -0.84}
  m_LocalScale: {x: 1, y: 1, z: 1}
  m_Children:
  - {fileID: 1614665013}
  - {fileID: 1026776972}
  m_Father: {fileID: 339540448}
  m_RootOrder: 16
  m_LocalEulerAnglesHint: {x: 0, y: 133.921, z: 0}
--- !u!1 &1545350602
GameObject:
  m_ObjectHideFlags: 0
  m_PrefabParentObject: {fileID: 1737599897676772, guid: f16a5f63e59ee624b9d06dca187be9ac,
    type: 2}
  m_PrefabInternal: {fileID: 1813992536}
  serializedVersion: 5
  m_Component:
  - component: {fileID: 1545350603}
  - component: {fileID: 1545350605}
  - component: {fileID: 1545350604}
  m_Layer: 0
  m_Name: Rectangle0
  m_TagString: Untagged
  m_Icon: {fileID: 0}
  m_NavMeshLayer: 0
  m_StaticEditorFlags: 4294967295
  m_IsActive: 1
--- !u!4 &1545350603
Transform:
  m_ObjectHideFlags: 0
  m_PrefabParentObject: {fileID: 4058286012151260, guid: f16a5f63e59ee624b9d06dca187be9ac,
    type: 2}
  m_PrefabInternal: {fileID: 1813992536}
  m_GameObject: {fileID: 1545350602}
  m_LocalRotation: {x: 0, y: -0, z: -0, w: 1}
  m_LocalPosition: {x: -0, y: 0, z: 0}
  m_LocalScale: {x: 1, y: 1, z: 1}
  m_Children: []
  m_Father: {fileID: 35984020}
  m_RootOrder: 4
  m_LocalEulerAnglesHint: {x: 0, y: 0, z: 0}
--- !u!23 &1545350604
MeshRenderer:
  m_ObjectHideFlags: 0
  m_PrefabParentObject: {fileID: 23401749017502022, guid: f16a5f63e59ee624b9d06dca187be9ac,
    type: 2}
  m_PrefabInternal: {fileID: 1813992536}
  m_GameObject: {fileID: 1545350602}
  m_Enabled: 1
  m_CastShadows: 1
  m_ReceiveShadows: 1
  m_MotionVectors: 1
  m_LightProbeUsage: 1
  m_ReflectionProbeUsage: 1
  m_Materials:
  - {fileID: 2100000, guid: be6ebb64f2fb7430f9d8bac21c96cd3f, type: 2}
  - {fileID: 2100000, guid: be6ebb64f2fb7430f9d8bac21c96cd3f, type: 2}
  m_StaticBatchInfo:
    firstSubMesh: 0
    subMeshCount: 0
  m_StaticBatchRoot: {fileID: 0}
  m_ProbeAnchor: {fileID: 0}
  m_LightProbeVolumeOverride: {fileID: 0}
  m_ScaleInLightmap: 1
  m_PreserveUVs: 0
  m_IgnoreNormalsForChartDetection: 0
  m_ImportantGI: 0
  m_SelectedEditorRenderState: 3
  m_MinimumChartSize: 4
  m_AutoUVMaxDistance: 0.5
  m_AutoUVMaxAngle: 89
  m_LightmapParameters: {fileID: 0}
  m_SortingLayerID: 0
  m_SortingLayer: 0
  m_SortingOrder: 0
--- !u!33 &1545350605
MeshFilter:
  m_ObjectHideFlags: 0
  m_PrefabParentObject: {fileID: 33295758321827578, guid: f16a5f63e59ee624b9d06dca187be9ac,
    type: 2}
  m_PrefabInternal: {fileID: 1813992536}
  m_GameObject: {fileID: 1545350602}
  m_Mesh: {fileID: 4300008, guid: a657cb0a0437447dda48e67506f0bc94, type: 3}
--- !u!1 &1561333669
GameObject:
  m_ObjectHideFlags: 0
  m_PrefabParentObject: {fileID: 1470229359314160, guid: f16a5f63e59ee624b9d06dca187be9ac,
    type: 2}
  m_PrefabInternal: {fileID: 1813992536}
  serializedVersion: 5
  m_Component:
  - component: {fileID: 1561333670}
  - component: {fileID: 1561333671}
  m_Layer: 0
  m_Name: paintings
  m_TagString: Untagged
  m_Icon: {fileID: 0}
  m_NavMeshLayer: 0
  m_StaticEditorFlags: 4294967295
  m_IsActive: 1
--- !u!4 &1561333670
Transform:
  m_ObjectHideFlags: 0
  m_PrefabParentObject: {fileID: 4896212405191124, guid: f16a5f63e59ee624b9d06dca187be9ac,
    type: 2}
  m_PrefabInternal: {fileID: 1813992536}
  m_GameObject: {fileID: 1561333669}
  m_LocalRotation: {x: -0, y: 0, z: -0, w: 1}
  m_LocalPosition: {x: 0, y: 0, z: 0}
  m_LocalScale: {x: 1, y: 1, z: 1}
  m_Children:
  - {fileID: 547296776}
  - {fileID: 1021826342}
  m_Father: {fileID: 339540448}
  m_RootOrder: 14
  m_LocalEulerAnglesHint: {x: 0, y: 0, z: 0}
--- !u!95 &1561333671
Animator:
  serializedVersion: 3
  m_ObjectHideFlags: 0
  m_PrefabParentObject: {fileID: 95553391654815192, guid: f16a5f63e59ee624b9d06dca187be9ac,
    type: 2}
  m_PrefabInternal: {fileID: 1813992536}
  m_GameObject: {fileID: 1561333669}
  m_Enabled: 1
  m_Avatar: {fileID: 9000000, guid: 957fb9221aafa40769bdb9e005c65dc4, type: 3}
  m_Controller: {fileID: 0}
  m_CullingMode: 0
  m_UpdateMode: 0
  m_ApplyRootMotion: 0
  m_LinearVelocityBlending: 0
  m_WarningMessage: 
  m_HasTransformHierarchy: 1
  m_AllowConstantClipSamplingOptimization: 1
--- !u!1 &1614665012
GameObject:
  m_ObjectHideFlags: 0
  m_PrefabParentObject: {fileID: 1191047618123994, guid: f16a5f63e59ee624b9d06dca187be9ac,
    type: 2}
  m_PrefabInternal: {fileID: 1813992536}
  serializedVersion: 5
  m_Component:
  - component: {fileID: 1614665013}
  - component: {fileID: 1614665015}
  - component: {fileID: 1614665014}
  m_Layer: 0
  m_Name: frame
  m_TagString: Untagged
  m_Icon: {fileID: 0}
  m_NavMeshLayer: 0
  m_StaticEditorFlags: 0
  m_IsActive: 1
--- !u!4 &1614665013
Transform:
  m_ObjectHideFlags: 0
  m_PrefabParentObject: {fileID: 4991521020801932, guid: f16a5f63e59ee624b9d06dca187be9ac,
    type: 2}
  m_PrefabInternal: {fileID: 1813992536}
  m_GameObject: {fileID: 1614665012}
  m_LocalRotation: {x: 0, y: -0, z: -0, w: 1}
  m_LocalPosition: {x: -0, y: 0, z: 0}
  m_LocalScale: {x: 1, y: 1, z: 1}
  m_Children: []
  m_Father: {fileID: 1539218462}
  m_RootOrder: 0
  m_LocalEulerAnglesHint: {x: 0, y: 0, z: 0}
--- !u!23 &1614665014
MeshRenderer:
  m_ObjectHideFlags: 0
  m_PrefabParentObject: {fileID: 23794967154128136, guid: f16a5f63e59ee624b9d06dca187be9ac,
    type: 2}
  m_PrefabInternal: {fileID: 1813992536}
  m_GameObject: {fileID: 1614665012}
  m_Enabled: 1
  m_CastShadows: 1
  m_ReceiveShadows: 1
  m_MotionVectors: 1
  m_LightProbeUsage: 1
  m_ReflectionProbeUsage: 1
  m_Materials:
  - {fileID: 2100000, guid: be4ceb16fbb084442947b6604f91f660, type: 2}
  m_StaticBatchInfo:
    firstSubMesh: 0
    subMeshCount: 0
  m_StaticBatchRoot: {fileID: 0}
  m_ProbeAnchor: {fileID: 0}
  m_LightProbeVolumeOverride: {fileID: 0}
  m_ScaleInLightmap: 1
  m_PreserveUVs: 0
  m_IgnoreNormalsForChartDetection: 0
  m_ImportantGI: 0
  m_SelectedEditorRenderState: 3
  m_MinimumChartSize: 4
  m_AutoUVMaxDistance: 0.5
  m_AutoUVMaxAngle: 89
  m_LightmapParameters: {fileID: 0}
  m_SortingLayerID: 0
  m_SortingLayer: 0
  m_SortingOrder: 0
--- !u!33 &1614665015
MeshFilter:
  m_ObjectHideFlags: 0
  m_PrefabParentObject: {fileID: 33773203668089654, guid: f16a5f63e59ee624b9d06dca187be9ac,
    type: 2}
  m_PrefabInternal: {fileID: 1813992536}
  m_GameObject: {fileID: 1614665012}
  m_Mesh: {fileID: 4300000, guid: 36a8af65eb2339f45a810f8d02b85e81, type: 3}
--- !u!108 &1783110326
Light:
  m_ObjectHideFlags: 0
  m_PrefabParentObject: {fileID: 108127840951453668, guid: f16a5f63e59ee624b9d06dca187be9ac,
    type: 2}
  m_PrefabInternal: {fileID: 1813992536}
  m_GameObject: {fileID: 336433315}
  m_Enabled: 1
  serializedVersion: 8
  m_Type: 1
  m_Color: {r: 1, g: 0.95686275, b: 0.8392157, a: 1}
  m_Intensity: 2
  m_Range: 10
  m_SpotAngle: 30
  m_CookieSize: 10
  m_Shadows:
    m_Type: 1
    m_Resolution: -1
    m_CustomResolution: -1
    m_Strength: 1
    m_Bias: 0.05
    m_NormalBias: 0.4
    m_NearPlane: 0.2
  m_Cookie: {fileID: 0}
  m_DrawHalo: 0
  m_Flare: {fileID: 0}
  m_RenderMode: 1
  m_CullingMask:
    serializedVersion: 2
    m_Bits: 4294967295
  m_Lightmapping: 2
  m_AreaSize: {x: 1, y: 1}
  m_BounceIntensity: 1
  m_FalloffTable:
    m_Table[0]: 0
    m_Table[1]: 0
    m_Table[2]: 0
    m_Table[3]: 0
    m_Table[4]: 0
    m_Table[5]: 0
    m_Table[6]: 0
    m_Table[7]: 0
    m_Table[8]: 0
    m_Table[9]: 0
    m_Table[10]: 0
    m_Table[11]: 0
    m_Table[12]: 0
  m_ColorTemperature: 6570
  m_UseColorTemperature: 0
  m_ShadowRadius: 0
  m_ShadowAngle: 0
--- !u!1 &1797897801
GameObject:
  m_ObjectHideFlags: 0
  m_PrefabParentObject: {fileID: 1912204519386370, guid: f16a5f63e59ee624b9d06dca187be9ac,
    type: 2}
  m_PrefabInternal: {fileID: 1813992536}
  serializedVersion: 5
  m_Component:
  - component: {fileID: 1797897802}
  - component: {fileID: 1797897804}
  - component: {fileID: 1797897803}
  m_Layer: 0
  m_Name: window-frame
  m_TagString: Untagged
  m_Icon: {fileID: 0}
  m_NavMeshLayer: 0
  m_StaticEditorFlags: 0
  m_IsActive: 1
--- !u!4 &1797897802
Transform:
  m_ObjectHideFlags: 0
  m_PrefabParentObject: {fileID: 4107653265801660, guid: f16a5f63e59ee624b9d06dca187be9ac,
    type: 2}
  m_PrefabInternal: {fileID: 1813992536}
  m_GameObject: {fileID: 1797897801}
  m_LocalRotation: {x: 0, y: -0, z: -0, w: 1}
  m_LocalPosition: {x: -0, y: 0, z: 0}
  m_LocalScale: {x: 1, y: 1, z: 1}
  m_Children: []
  m_Father: {fileID: 339540448}
  m_RootOrder: 4
  m_LocalEulerAnglesHint: {x: 0, y: 0, z: 0}
--- !u!23 &1797897803
MeshRenderer:
  m_ObjectHideFlags: 0
  m_PrefabParentObject: {fileID: 23123434949694760, guid: f16a5f63e59ee624b9d06dca187be9ac,
    type: 2}
  m_PrefabInternal: {fileID: 1813992536}
  m_GameObject: {fileID: 1797897801}
  m_Enabled: 1
  m_CastShadows: 1
  m_ReceiveShadows: 1
  m_MotionVectors: 1
  m_LightProbeUsage: 1
  m_ReflectionProbeUsage: 1
  m_Materials:
  - {fileID: 2100000, guid: e32f599dccb1b4847b0a063df7bfa75b, type: 2}
  m_StaticBatchInfo:
    firstSubMesh: 0
    subMeshCount: 0
  m_StaticBatchRoot: {fileID: 0}
  m_ProbeAnchor: {fileID: 0}
  m_LightProbeVolumeOverride: {fileID: 0}
  m_ScaleInLightmap: 1
  m_PreserveUVs: 0
  m_IgnoreNormalsForChartDetection: 0
  m_ImportantGI: 0
  m_SelectedEditorRenderState: 3
  m_MinimumChartSize: 4
  m_AutoUVMaxDistance: 0.5
  m_AutoUVMaxAngle: 89
  m_LightmapParameters: {fileID: 0}
  m_SortingLayerID: 0
  m_SortingLayer: 0
  m_SortingOrder: 0
--- !u!33 &1797897804
MeshFilter:
  m_ObjectHideFlags: 0
  m_PrefabParentObject: {fileID: 33486308726145018, guid: f16a5f63e59ee624b9d06dca187be9ac,
    type: 2}
  m_PrefabInternal: {fileID: 1813992536}
  m_GameObject: {fileID: 1797897801}
  m_Mesh: {fileID: 4300008, guid: 0c3fc86234ec6fe4ba2c545b9d1f2bd2, type: 3}
--- !u!1001 &1813992536
Prefab:
  m_ObjectHideFlags: 0
  serializedVersion: 2
  m_Modification:
    m_TransformParent: {fileID: 0}
    m_Modifications:
    - target: {fileID: 4711495290987080, guid: f16a5f63e59ee624b9d06dca187be9ac, type: 2}
      propertyPath: m_LocalPosition.x
      value: -0
      objectReference: {fileID: 0}
    - target: {fileID: 4711495290987080, guid: f16a5f63e59ee624b9d06dca187be9ac, type: 2}
      propertyPath: m_LocalPosition.y
      value: 0
      objectReference: {fileID: 0}
    - target: {fileID: 4711495290987080, guid: f16a5f63e59ee624b9d06dca187be9ac, type: 2}
      propertyPath: m_LocalPosition.z
      value: 0
      objectReference: {fileID: 0}
    - target: {fileID: 4711495290987080, guid: f16a5f63e59ee624b9d06dca187be9ac, type: 2}
      propertyPath: m_LocalRotation.x
      value: 0
      objectReference: {fileID: 0}
    - target: {fileID: 4711495290987080, guid: f16a5f63e59ee624b9d06dca187be9ac, type: 2}
      propertyPath: m_LocalRotation.y
      value: -0
      objectReference: {fileID: 0}
    - target: {fileID: 4711495290987080, guid: f16a5f63e59ee624b9d06dca187be9ac, type: 2}
      propertyPath: m_LocalRotation.z
      value: -0
      objectReference: {fileID: 0}
    - target: {fileID: 4711495290987080, guid: f16a5f63e59ee624b9d06dca187be9ac, type: 2}
      propertyPath: m_LocalRotation.w
      value: 1
      objectReference: {fileID: 0}
    - target: {fileID: 4711495290987080, guid: f16a5f63e59ee624b9d06dca187be9ac, type: 2}
      propertyPath: m_RootOrder
      value: 1
      objectReference: {fileID: 0}
    - target: {fileID: 1178164105683424, guid: f16a5f63e59ee624b9d06dca187be9ac, type: 2}
      propertyPath: m_Name
      value: room-02
      objectReference: {fileID: 0}
    m_RemovedComponents: []
  m_ParentPrefab: {fileID: 100100000, guid: f16a5f63e59ee624b9d06dca187be9ac, type: 2}
  m_RootGameObject: {fileID: 339540447}
  m_IsPrefabParent: 0
--- !u!1 &1878827619
GameObject:
  m_ObjectHideFlags: 0
  m_PrefabParentObject: {fileID: 0}
  m_PrefabInternal: {fileID: 0}
  serializedVersion: 5
  m_Component:
  - component: {fileID: 1878827630}
  - component: {fileID: 1878827623}
  - component: {fileID: 1878827622}
  - component: {fileID: 1878827621}
  m_Layer: 0
  m_Name: Main Camera
  m_TagString: MainCamera
  m_Icon: {fileID: 0}
  m_NavMeshLayer: 0
  m_StaticEditorFlags: 0
  m_IsActive: 1
--- !u!124 &1878827621
Behaviour:
  m_ObjectHideFlags: 0
  m_PrefabParentObject: {fileID: 0}
  m_PrefabInternal: {fileID: 0}
  m_GameObject: {fileID: 1878827619}
  m_Enabled: 1
--- !u!92 &1878827622
Behaviour:
  m_ObjectHideFlags: 0
  m_PrefabParentObject: {fileID: 0}
  m_PrefabInternal: {fileID: 0}
  m_GameObject: {fileID: 1878827619}
  m_Enabled: 1
--- !u!20 &1878827623
Camera:
  m_ObjectHideFlags: 0
  m_PrefabParentObject: {fileID: 0}
  m_PrefabInternal: {fileID: 0}
  m_GameObject: {fileID: 1878827619}
  m_Enabled: 1
  serializedVersion: 2
  m_ClearFlags: 1
  m_BackGroundColor: {r: 0.19215687, g: 0.3019608, b: 0.4745098, a: 0}
  m_NormalizedViewPortRect:
    serializedVersion: 2
    x: 0
    y: 0
    width: 1
    height: 1
  near clip plane: 0.3
  far clip plane: 1000
  field of view: 60
  orthographic: 0
  orthographic size: 5
  m_Depth: -1
  m_CullingMask:
    serializedVersion: 2
    m_Bits: 4294967295
  m_RenderingPath: 3
  m_TargetTexture: {fileID: 0}
  m_TargetDisplay: 0
  m_TargetEye: 3
  m_HDR: 0
  m_AllowMSAA: 1
  m_ForceIntoRT: 0
  m_OcclusionCulling: 1
  m_StereoConvergence: 10
  m_StereoSeparation: 0.022
  m_StereoMirrorMode: 0
--- !u!224 &1878827630
RectTransform:
  m_ObjectHideFlags: 0
  m_PrefabParentObject: {fileID: 0}
  m_PrefabInternal: {fileID: 0}
  m_GameObject: {fileID: 1878827619}
  m_LocalRotation: {x: -0.08775769, y: -0.9612378, z: 0.110312276, w: -0.23696381}
  m_LocalPosition: {x: 0, y: 0, z: 2.25}
  m_LocalScale: {x: 1, y: 1, z: 1}
  m_Children: []
  m_Father: {fileID: 0}
  m_RootOrder: 0
  m_LocalEulerAnglesHint: {x: 14.694, y: -206.80399, z: 6.913}
  m_AnchorMin: {x: 0.5, y: 0.5}
  m_AnchorMax: {x: 0.5, y: 0.5}
  m_AnchoredPosition: {x: -1.57, y: 2.34}
  m_SizeDelta: {x: 100, y: 100}
  m_Pivot: {x: 0.5, y: 0.5}
--- !u!1 &1905824382
GameObject:
  m_ObjectHideFlags: 0
  m_PrefabParentObject: {fileID: 1579434327717026, guid: f16a5f63e59ee624b9d06dca187be9ac,
    type: 2}
  m_PrefabInternal: {fileID: 1813992536}
  serializedVersion: 5
  m_Component:
  - component: {fileID: 1905824383}
  - component: {fileID: 1905824386}
  - component: {fileID: 1905824385}
  - component: {fileID: 1905824384}
  m_Layer: 0
  m_Name: HMI_Eames_Rectangular_Table_36D60W_3D
  m_TagString: Untagged
  m_Icon: {fileID: 0}
  m_NavMeshLayer: 0
  m_StaticEditorFlags: 4294967295
  m_IsActive: 1
--- !u!4 &1905824383
Transform:
  m_ObjectHideFlags: 0
  m_PrefabParentObject: {fileID: 4197295883142260, guid: f16a5f63e59ee624b9d06dca187be9ac,
    type: 2}
  m_PrefabInternal: {fileID: 1813992536}
  m_GameObject: {fileID: 1905824382}
  m_LocalRotation: {x: -0, y: -0, z: -0, w: 1}
  m_LocalPosition: {x: 1.92, y: 0, z: 0}
  m_LocalScale: {x: 2.345, y: 2.345, z: 2.15}
  m_Children: []
  m_Father: {fileID: 339540448}
  m_RootOrder: 12
  m_LocalEulerAnglesHint: {x: 0, y: 0, z: 0}
--- !u!95 &1905824384
Animator:
  serializedVersion: 3
  m_ObjectHideFlags: 0
  m_PrefabParentObject: {fileID: 95587963741106520, guid: f16a5f63e59ee624b9d06dca187be9ac,
    type: 2}
  m_PrefabInternal: {fileID: 1813992536}
  m_GameObject: {fileID: 1905824382}
  m_Enabled: 1
  m_Avatar: {fileID: 9000000, guid: 6f5e21ee642ad4d319b6b78d2f8e98d2, type: 3}
  m_Controller: {fileID: 0}
  m_CullingMode: 0
  m_UpdateMode: 0
  m_ApplyRootMotion: 0
  m_LinearVelocityBlending: 0
  m_WarningMessage: 
  m_HasTransformHierarchy: 1
  m_AllowConstantClipSamplingOptimization: 1
--- !u!23 &1905824385
MeshRenderer:
  m_ObjectHideFlags: 0
  m_PrefabParentObject: {fileID: 23928254794403276, guid: f16a5f63e59ee624b9d06dca187be9ac,
    type: 2}
  m_PrefabInternal: {fileID: 1813992536}
  m_GameObject: {fileID: 1905824382}
  m_Enabled: 1
  m_CastShadows: 1
  m_ReceiveShadows: 1
  m_MotionVectors: 1
  m_LightProbeUsage: 1
  m_ReflectionProbeUsage: 1
  m_Materials:
  - {fileID: 2100000, guid: a4f48f0bbb1354f0ca5545164382b9cd, type: 2}
  - {fileID: 2100000, guid: 928f7fc191d604eb082427855666a83d, type: 2}
  m_StaticBatchInfo:
    firstSubMesh: 0
    subMeshCount: 0
  m_StaticBatchRoot: {fileID: 0}
  m_ProbeAnchor: {fileID: 0}
  m_LightProbeVolumeOverride: {fileID: 0}
  m_ScaleInLightmap: 1
  m_PreserveUVs: 0
  m_IgnoreNormalsForChartDetection: 0
  m_ImportantGI: 0
  m_SelectedEditorRenderState: 3
  m_MinimumChartSize: 4
  m_AutoUVMaxDistance: 0.5
  m_AutoUVMaxAngle: 89
  m_LightmapParameters: {fileID: 0}
  m_SortingLayerID: 0
  m_SortingLayer: 0
  m_SortingOrder: 0
--- !u!33 &1905824386
MeshFilter:
  m_ObjectHideFlags: 0
  m_PrefabParentObject: {fileID: 33399890891446606, guid: f16a5f63e59ee624b9d06dca187be9ac,
    type: 2}
  m_PrefabInternal: {fileID: 1813992536}
  m_GameObject: {fileID: 1905824382}
  m_Mesh: {fileID: 4300000, guid: 6f5e21ee642ad4d319b6b78d2f8e98d2, type: 3}
--- !u!1 &1919280839
GameObject:
  m_ObjectHideFlags: 0
  m_PrefabParentObject: {fileID: 1629085834680080, guid: f16a5f63e59ee624b9d06dca187be9ac,
    type: 2}
  m_PrefabInternal: {fileID: 1813992536}
  serializedVersion: 5
  m_Component:
  - component: {fileID: 1919280840}
  - component: {fileID: 1919280842}
  - component: {fileID: 1919280841}
  m_Layer: 0
  m_Name: leather
  m_TagString: Untagged
  m_Icon: {fileID: 0}
  m_NavMeshLayer: 0
  m_StaticEditorFlags: 0
  m_IsActive: 1
--- !u!4 &1919280840
Transform:
  m_ObjectHideFlags: 0
  m_PrefabParentObject: {fileID: 4015373046364768, guid: f16a5f63e59ee624b9d06dca187be9ac,
    type: 2}
  m_PrefabInternal: {fileID: 1813992536}
  m_GameObject: {fileID: 1919280839}
  m_LocalRotation: {x: 0, y: -0, z: -0, w: 1}
  m_LocalPosition: {x: -0, y: 0, z: 0}
  m_LocalScale: {x: 1, y: 1, z: 1}
  m_Children: []
  m_Father: {fileID: 484420745}
  m_RootOrder: 1
  m_LocalEulerAnglesHint: {x: 0, y: 0, z: 0}
--- !u!23 &1919280841
MeshRenderer:
  m_ObjectHideFlags: 0
  m_PrefabParentObject: {fileID: 23458451783551092, guid: f16a5f63e59ee624b9d06dca187be9ac,
    type: 2}
  m_PrefabInternal: {fileID: 1813992536}
  m_GameObject: {fileID: 1919280839}
  m_Enabled: 1
  m_CastShadows: 1
  m_ReceiveShadows: 1
  m_MotionVectors: 1
  m_LightProbeUsage: 1
  m_ReflectionProbeUsage: 1
  m_Materials:
  - {fileID: 2100000, guid: be4ceb16fbb084442947b6604f91f660, type: 2}
  m_StaticBatchInfo:
    firstSubMesh: 0
    subMeshCount: 0
  m_StaticBatchRoot: {fileID: 0}
  m_ProbeAnchor: {fileID: 0}
  m_LightProbeVolumeOverride: {fileID: 0}
  m_ScaleInLightmap: 1
  m_PreserveUVs: 0
  m_IgnoreNormalsForChartDetection: 0
  m_ImportantGI: 0
  m_SelectedEditorRenderState: 3
  m_MinimumChartSize: 4
  m_AutoUVMaxDistance: 0.5
  m_AutoUVMaxAngle: 89
  m_LightmapParameters: {fileID: 0}
  m_SortingLayerID: 0
  m_SortingLayer: 0
  m_SortingOrder: 0
--- !u!33 &1919280842
MeshFilter:
  m_ObjectHideFlags: 0
  m_PrefabParentObject: {fileID: 33694957058070666, guid: f16a5f63e59ee624b9d06dca187be9ac,
    type: 2}
  m_PrefabInternal: {fileID: 1813992536}
  m_GameObject: {fileID: 1919280839}
  m_Mesh: {fileID: 4300002, guid: 36a8af65eb2339f45a810f8d02b85e81, type: 3}
--- !u!1 &2034988708
GameObject:
  m_ObjectHideFlags: 0
  m_PrefabParentObject: {fileID: 1921267009036860, guid: f16a5f63e59ee624b9d06dca187be9ac,
    type: 2}
  m_PrefabInternal: {fileID: 1813992536}
  serializedVersion: 5
  m_Component:
  - component: {fileID: 2034988709}
  - component: {fileID: 2034988711}
  - component: {fileID: 2034988710}
  m_Layer: 0
  m_Name: Rectangle4
  m_TagString: Untagged
  m_Icon: {fileID: 0}
  m_NavMeshLayer: 0
  m_StaticEditorFlags: 4294967295
  m_IsActive: 1
--- !u!4 &2034988709
Transform:
  m_ObjectHideFlags: 0
  m_PrefabParentObject: {fileID: 4829252561852218, guid: f16a5f63e59ee624b9d06dca187be9ac,
    type: 2}
  m_PrefabInternal: {fileID: 1813992536}
  m_GameObject: {fileID: 2034988708}
  m_LocalRotation: {x: 0, y: -0, z: -0, w: 1}
  m_LocalPosition: {x: -0, y: 0, z: 0}
  m_LocalScale: {x: 1, y: 1, z: 1}
  m_Children: []
  m_Father: {fileID: 35984020}
  m_RootOrder: 8
  m_LocalEulerAnglesHint: {x: 0, y: 0, z: 0}
--- !u!23 &2034988710
MeshRenderer:
  m_ObjectHideFlags: 0
  m_PrefabParentObject: {fileID: 23261001364628476, guid: f16a5f63e59ee624b9d06dca187be9ac,
    type: 2}
  m_PrefabInternal: {fileID: 1813992536}
  m_GameObject: {fileID: 2034988708}
  m_Enabled: 1
  m_CastShadows: 1
  m_ReceiveShadows: 1
  m_MotionVectors: 1
  m_LightProbeUsage: 1
  m_ReflectionProbeUsage: 1
  m_Materials:
  - {fileID: 2100000, guid: 4cec0bd9a3d1944819662eaca9ddd0aa, type: 2}
  m_StaticBatchInfo:
    firstSubMesh: 0
    subMeshCount: 0
  m_StaticBatchRoot: {fileID: 0}
  m_ProbeAnchor: {fileID: 0}
  m_LightProbeVolumeOverride: {fileID: 0}
  m_ScaleInLightmap: 1
  m_PreserveUVs: 0
  m_IgnoreNormalsForChartDetection: 0
  m_ImportantGI: 0
  m_SelectedEditorRenderState: 3
  m_MinimumChartSize: 4
  m_AutoUVMaxDistance: 0.5
  m_AutoUVMaxAngle: 89
  m_LightmapParameters: {fileID: 0}
  m_SortingLayerID: 0
  m_SortingLayer: 0
  m_SortingOrder: 0
--- !u!33 &2034988711
MeshFilter:
  m_ObjectHideFlags: 0
  m_PrefabParentObject: {fileID: 33607566551579164, guid: f16a5f63e59ee624b9d06dca187be9ac,
    type: 2}
  m_PrefabInternal: {fileID: 1813992536}
  m_GameObject: {fileID: 2034988708}
  m_Mesh: {fileID: 4300016, guid: a657cb0a0437447dda48e67506f0bc94, type: 3}
--- !u!1 &2069593063
GameObject:
  m_ObjectHideFlags: 0
  m_PrefabParentObject: {fileID: 1335899212523296, guid: f16a5f63e59ee624b9d06dca187be9ac,
    type: 2}
  m_PrefabInternal: {fileID: 1813992536}
  serializedVersion: 5
  m_Component:
  - component: {fileID: 2069593064}
  - component: {fileID: 2069593066}
  - component: {fileID: 2069593065}
  m_Layer: 0
  m_Name: Circle01
  m_TagString: Untagged
  m_Icon: {fileID: 0}
  m_NavMeshLayer: 0
  m_StaticEditorFlags: 4294967295
  m_IsActive: 1
--- !u!4 &2069593064
Transform:
  m_ObjectHideFlags: 0
  m_PrefabParentObject: {fileID: 4987119297136334, guid: f16a5f63e59ee624b9d06dca187be9ac,
    type: 2}
  m_PrefabInternal: {fileID: 1813992536}
  m_GameObject: {fileID: 2069593063}
  m_LocalRotation: {x: 0, y: -0, z: -0, w: 1}
  m_LocalPosition: {x: -0, y: 0, z: 0}
  m_LocalScale: {x: 1, y: 1, z: 1}
  m_Children: []
  m_Father: {fileID: 35984020}
  m_RootOrder: 0
  m_LocalEulerAnglesHint: {x: 0, y: 0, z: 0}
--- !u!23 &2069593065
MeshRenderer:
  m_ObjectHideFlags: 0
  m_PrefabParentObject: {fileID: 23981810905277916, guid: f16a5f63e59ee624b9d06dca187be9ac,
    type: 2}
  m_PrefabInternal: {fileID: 1813992536}
  m_GameObject: {fileID: 2069593063}
  m_Enabled: 1
  m_CastShadows: 1
  m_ReceiveShadows: 1
  m_MotionVectors: 1
  m_LightProbeUsage: 1
  m_ReflectionProbeUsage: 1
  m_Materials:
  - {fileID: 2100000, guid: 315c67c02aa9a484ba7eebeb602e5299, type: 2}
  m_StaticBatchInfo:
    firstSubMesh: 0
    subMeshCount: 0
  m_StaticBatchRoot: {fileID: 0}
  m_ProbeAnchor: {fileID: 0}
  m_LightProbeVolumeOverride: {fileID: 0}
  m_ScaleInLightmap: 1
  m_PreserveUVs: 0
  m_IgnoreNormalsForChartDetection: 0
  m_ImportantGI: 0
  m_SelectedEditorRenderState: 3
  m_MinimumChartSize: 4
  m_AutoUVMaxDistance: 0.5
  m_AutoUVMaxAngle: 89
  m_LightmapParameters: {fileID: 0}
  m_SortingLayerID: 0
  m_SortingLayer: 0
  m_SortingOrder: 0
--- !u!33 &2069593066
MeshFilter:
  m_ObjectHideFlags: 0
  m_PrefabParentObject: {fileID: 33252513800885786, guid: f16a5f63e59ee624b9d06dca187be9ac,
    type: 2}
  m_PrefabInternal: {fileID: 1813992536}
  m_GameObject: {fileID: 2069593063}
  m_Mesh: {fileID: 4300000, guid: a657cb0a0437447dda48e67506f0bc94, type: 3}
--- !u!1 &2072500821
GameObject:
  m_ObjectHideFlags: 0
  m_PrefabParentObject: {fileID: 1478828387793382, guid: f16a5f63e59ee624b9d06dca187be9ac,
    type: 2}
  m_PrefabInternal: {fileID: 1813992536}
  serializedVersion: 5
  m_Component:
  - component: {fileID: 2072500822}
  - component: {fileID: 2072500824}
  - component: {fileID: 2072500823}
  m_Layer: 0
  m_Name: Rectangle3
  m_TagString: Untagged
  m_Icon: {fileID: 0}
  m_NavMeshLayer: 0
  m_StaticEditorFlags: 4294967295
  m_IsActive: 1
--- !u!4 &2072500822
Transform:
  m_ObjectHideFlags: 0
  m_PrefabParentObject: {fileID: 4547790029835346, guid: f16a5f63e59ee624b9d06dca187be9ac,
    type: 2}
  m_PrefabInternal: {fileID: 1813992536}
  m_GameObject: {fileID: 2072500821}
  m_LocalRotation: {x: 0, y: -0, z: -0, w: 1}
  m_LocalPosition: {x: -0, y: 0, z: 0}
  m_LocalScale: {x: 1, y: 1, z: 1}
  m_Children: []
  m_Father: {fileID: 35984020}
  m_RootOrder: 7
  m_LocalEulerAnglesHint: {x: 0, y: 0, z: 0}
--- !u!23 &2072500823
MeshRenderer:
  m_ObjectHideFlags: 0
  m_PrefabParentObject: {fileID: 23408260647101152, guid: f16a5f63e59ee624b9d06dca187be9ac,
    type: 2}
  m_PrefabInternal: {fileID: 1813992536}
  m_GameObject: {fileID: 2072500821}
  m_Enabled: 1
  m_CastShadows: 1
  m_ReceiveShadows: 1
  m_MotionVectors: 1
  m_LightProbeUsage: 1
  m_ReflectionProbeUsage: 1
  m_Materials:
  - {fileID: 2100000, guid: 4cec0bd9a3d1944819662eaca9ddd0aa, type: 2}
  m_StaticBatchInfo:
    firstSubMesh: 0
    subMeshCount: 0
  m_StaticBatchRoot: {fileID: 0}
  m_ProbeAnchor: {fileID: 0}
  m_LightProbeVolumeOverride: {fileID: 0}
  m_ScaleInLightmap: 1
  m_PreserveUVs: 0
  m_IgnoreNormalsForChartDetection: 0
  m_ImportantGI: 0
  m_SelectedEditorRenderState: 3
  m_MinimumChartSize: 4
  m_AutoUVMaxDistance: 0.5
  m_AutoUVMaxAngle: 89
  m_LightmapParameters: {fileID: 0}
  m_SortingLayerID: 0
  m_SortingLayer: 0
  m_SortingOrder: 0
--- !u!33 &2072500824
MeshFilter:
  m_ObjectHideFlags: 0
  m_PrefabParentObject: {fileID: 33686699620841902, guid: f16a5f63e59ee624b9d06dca187be9ac,
    type: 2}
  m_PrefabInternal: {fileID: 1813992536}
  m_GameObject: {fileID: 2072500821}
  m_Mesh: {fileID: 4300014, guid: a657cb0a0437447dda48e67506f0bc94, type: 3}
--- !u!1 &2118163184
GameObject:
  m_ObjectHideFlags: 0
  m_PrefabParentObject: {fileID: 1044607111455470, guid: f16a5f63e59ee624b9d06dca187be9ac,
    type: 2}
  m_PrefabInternal: {fileID: 1813992536}
  serializedVersion: 5
  m_Component:
  - component: {fileID: 2118163185}
  - component: {fileID: 2118163187}
  - component: {fileID: 2118163186}
  m_Layer: 0
  m_Name: Rectangle1
  m_TagString: Untagged
  m_Icon: {fileID: 0}
  m_NavMeshLayer: 0
  m_StaticEditorFlags: 4294967295
  m_IsActive: 1
--- !u!4 &2118163185
Transform:
  m_ObjectHideFlags: 0
  m_PrefabParentObject: {fileID: 4059253307077642, guid: f16a5f63e59ee624b9d06dca187be9ac,
    type: 2}
  m_PrefabInternal: {fileID: 1813992536}
  m_GameObject: {fileID: 2118163184}
  m_LocalRotation: {x: 0, y: -0, z: -0, w: 1}
  m_LocalPosition: {x: -0, y: 0, z: 0}
  m_LocalScale: {x: 1, y: 1, z: 1}
  m_Children: []
  m_Father: {fileID: 35984020}
  m_RootOrder: 5
  m_LocalEulerAnglesHint: {x: 0, y: 0, z: 0}
--- !u!23 &2118163186
MeshRenderer:
  m_ObjectHideFlags: 0
  m_PrefabParentObject: {fileID: 23299297218369268, guid: f16a5f63e59ee624b9d06dca187be9ac,
    type: 2}
  m_PrefabInternal: {fileID: 1813992536}
  m_GameObject: {fileID: 2118163184}
  m_Enabled: 1
  m_CastShadows: 1
  m_ReceiveShadows: 1
  m_MotionVectors: 1
  m_LightProbeUsage: 1
  m_ReflectionProbeUsage: 1
  m_Materials:
  - {fileID: 2100000, guid: 4cec0bd9a3d1944819662eaca9ddd0aa, type: 2}
  m_StaticBatchInfo:
    firstSubMesh: 0
    subMeshCount: 0
  m_StaticBatchRoot: {fileID: 0}
  m_ProbeAnchor: {fileID: 0}
  m_LightProbeVolumeOverride: {fileID: 0}
  m_ScaleInLightmap: 1
  m_PreserveUVs: 0
  m_IgnoreNormalsForChartDetection: 0
  m_ImportantGI: 0
  m_SelectedEditorRenderState: 3
  m_MinimumChartSize: 4
  m_AutoUVMaxDistance: 0.5
  m_AutoUVMaxAngle: 89
  m_LightmapParameters: {fileID: 0}
  m_SortingLayerID: 0
  m_SortingLayer: 0
  m_SortingOrder: 0
--- !u!33 &2118163187
MeshFilter:
  m_ObjectHideFlags: 0
  m_PrefabParentObject: {fileID: 33067041477713244, guid: f16a5f63e59ee624b9d06dca187be9ac,
    type: 2}
  m_PrefabInternal: {fileID: 1813992536}
  m_GameObject: {fileID: 2118163184}
  m_Mesh: {fileID: 4300010, guid: a657cb0a0437447dda48e67506f0bc94, type: 3}
