%YAML 1.1
%TAG !u! tag:unity3d.com,2011:
--- !u!1001 &100100000
Prefab:
  m_ObjectHideFlags: 1
  serializedVersion: 2
  m_Modification:
    m_TransformParent: {fileID: 0}
    m_Modifications: []
    m_RemovedComponents: []
  m_ParentPrefab: {fileID: 0}
  m_RootGameObject: {fileID: 1215793123713000}
  m_IsPrefabParent: 1
--- !u!1 &1033134751605736
GameObject:
  m_ObjectHideFlags: 1
  m_PrefabParentObject: {fileID: 0}
  m_PrefabInternal: {fileID: 100100000}
  serializedVersion: 5
  m_Component:
  - component: {fileID: 4612228059349190}
  m_Layer: 0
  m_Name: pelvis
  m_TagString: Untagged
  m_Icon: {fileID: 0}
  m_NavMeshLayer: 0
  m_StaticEditorFlags: 0
  m_IsActive: 1
--- !u!1 &1050231772275942
GameObject:
  m_ObjectHideFlags: 1
  m_PrefabParentObject: {fileID: 0}
  m_PrefabInternal: {fileID: 100100000}
  serializedVersion: 5
  m_Component:
  - component: {fileID: 4339315834010280}
  m_Layer: 0
  m_Name: chestUpper
  m_TagString: Untagged
  m_Icon: {fileID: 0}
  m_NavMeshLayer: 0
  m_StaticEditorFlags: 0
  m_IsActive: 1
--- !u!1 &1069450875468780
GameObject:
  m_ObjectHideFlags: 1
  m_PrefabParentObject: {fileID: 0}
  m_PrefabInternal: {fileID: 100100000}
  serializedVersion: 5
  m_Component:
  - component: {fileID: 4348021653894954}
  - component: {fileID: 137674533375148724}
  - component: {fileID: 114342107454503254}
  m_Layer: 0
  m_Name: CiaoBellaTop_6618_LOD3
  m_TagString: Untagged
  m_Icon: {fileID: 0}
  m_NavMeshLayer: 0
  m_StaticEditorFlags: 0
  m_IsActive: 1
--- !u!1 &1105744425957922
GameObject:
  m_ObjectHideFlags: 1
  m_PrefabParentObject: {fileID: 0}
  m_PrefabInternal: {fileID: 100100000}
  serializedVersion: 5
  m_Component:
  - component: {fileID: 4030998949876070}
  m_Layer: 0
  m_Name: neckLower
  m_TagString: Untagged
  m_Icon: {fileID: 0}
  m_NavMeshLayer: 0
  m_StaticEditorFlags: 0
  m_IsActive: 1
--- !u!1 &1106137461384396
GameObject:
  m_ObjectHideFlags: 1
  m_PrefabParentObject: {fileID: 0}
  m_PrefabInternal: {fileID: 100100000}
  serializedVersion: 5
  m_Component:
  - component: {fileID: 4778252507080388}
  m_Layer: 0
  m_Name: chestLower
  m_TagString: Untagged
  m_Icon: {fileID: 0}
  m_NavMeshLayer: 0
  m_StaticEditorFlags: 0
  m_IsActive: 1
--- !u!1 &1185467903569246
GameObject:
  m_ObjectHideFlags: 1
  m_PrefabParentObject: {fileID: 0}
  m_PrefabInternal: {fileID: 100100000}
  serializedVersion: 5
  m_Component:
  - component: {fileID: 4017070359030704}
  m_Layer: 0
  m_Name: rPectoral
  m_TagString: Untagged
  m_Icon: {fileID: 0}
  m_NavMeshLayer: 0
  m_StaticEditorFlags: 0
  m_IsActive: 1
--- !u!1 &1201469764022936
GameObject:
  m_ObjectHideFlags: 1
  m_PrefabParentObject: {fileID: 0}
  m_PrefabInternal: {fileID: 100100000}
  serializedVersion: 5
  m_Component:
  - component: {fileID: 4116081746849482}
  m_Layer: 0
  m_Name: head
  m_TagString: Untagged
  m_Icon: {fileID: 0}
  m_NavMeshLayer: 0
  m_StaticEditorFlags: 0
  m_IsActive: 1
--- !u!1 &1204172239757424
GameObject:
  m_ObjectHideFlags: 1
  m_PrefabParentObject: {fileID: 0}
  m_PrefabInternal: {fileID: 100100000}
  serializedVersion: 5
  m_Component:
  - component: {fileID: 4648993850973006}
  m_Layer: 0
  m_Name: rShldrBend
  m_TagString: Untagged
  m_Icon: {fileID: 0}
  m_NavMeshLayer: 0
  m_StaticEditorFlags: 0
  m_IsActive: 1
--- !u!1 &1215793123713000
GameObject:
  m_ObjectHideFlags: 0
  m_PrefabParentObject: {fileID: 0}
  m_PrefabInternal: {fileID: 100100000}
  serializedVersion: 5
  m_Component:
  - component: {fileID: 4090668949611036}
  - component: {fileID: 114780174773474562}
  - component: {fileID: 114589867605327622}
  m_Layer: 0
  m_Name: CiaoBella_Top
  m_TagString: Untagged
  m_Icon: {fileID: 0}
  m_NavMeshLayer: 0
  m_StaticEditorFlags: 0
  m_IsActive: 1
--- !u!1 &1279692458915640
GameObject:
  m_ObjectHideFlags: 1
  m_PrefabParentObject: {fileID: 0}
  m_PrefabInternal: {fileID: 100100000}
  serializedVersion: 5
  m_Component:
  - component: {fileID: 4398513954400614}
  m_Layer: 0
  m_Name: upperFaceRig
  m_TagString: Untagged
  m_Icon: {fileID: 0}
  m_NavMeshLayer: 0
  m_StaticEditorFlags: 0
  m_IsActive: 1
--- !u!1 &1352825583292222
GameObject:
  m_ObjectHideFlags: 1
  m_PrefabParentObject: {fileID: 0}
  m_PrefabInternal: {fileID: 100100000}
  serializedVersion: 5
  m_Component:
  - component: {fileID: 4492880134087246}
  m_Layer: 0
  m_Name: lEar
  m_TagString: Untagged
  m_Icon: {fileID: 0}
  m_NavMeshLayer: 0
  m_StaticEditorFlags: 0
  m_IsActive: 1
--- !u!1 &1432078504888444
GameObject:
  m_ObjectHideFlags: 1
  m_PrefabParentObject: {fileID: 0}
  m_PrefabInternal: {fileID: 100100000}
  serializedVersion: 5
  m_Component:
  - component: {fileID: 4505334456179266}
  m_Layer: 0
  m_Name: lShldrBend
  m_TagString: Untagged
  m_Icon: {fileID: 0}
  m_NavMeshLayer: 0
  m_StaticEditorFlags: 0
  m_IsActive: 1
--- !u!1 &1433088207534990
GameObject:
  m_ObjectHideFlags: 1
  m_PrefabParentObject: {fileID: 0}
  m_PrefabInternal: {fileID: 100100000}
  serializedVersion: 5
  m_Component:
  - component: {fileID: 4285299722627836}
  m_Layer: 0
  m_Name: rThighBend
  m_TagString: Untagged
  m_Icon: {fileID: 0}
  m_NavMeshLayer: 0
  m_StaticEditorFlags: 0
  m_IsActive: 1
--- !u!1 &1445224818815638
GameObject:
  m_ObjectHideFlags: 1
  m_PrefabParentObject: {fileID: 0}
  m_PrefabInternal: {fileID: 100100000}
  serializedVersion: 5
  m_Component:
  - component: {fileID: 4003608829765296}
  m_Layer: 0
  m_Name: hip
  m_TagString: Untagged
  m_Icon: {fileID: 0}
  m_NavMeshLayer: 0
  m_StaticEditorFlags: 0
  m_IsActive: 1
--- !u!1 &1456254881614032
GameObject:
  m_ObjectHideFlags: 1
  m_PrefabParentObject: {fileID: 0}
  m_PrefabInternal: {fileID: 100100000}
  serializedVersion: 5
  m_Component:
  - component: {fileID: 4892130756927528}
  m_Layer: 0
  m_Name: lForearmBend
  m_TagString: Untagged
  m_Icon: {fileID: 0}
  m_NavMeshLayer: 0
  m_StaticEditorFlags: 0
  m_IsActive: 1
--- !u!1 &1494383542707844
GameObject:
  m_ObjectHideFlags: 1
  m_PrefabParentObject: {fileID: 0}
  m_PrefabInternal: {fileID: 100100000}
  serializedVersion: 5
  m_Component:
  - component: {fileID: 4016794142990602}
  m_Layer: 0
  m_Name: lEye
  m_TagString: Untagged
  m_Icon: {fileID: 0}
  m_NavMeshLayer: 0
  m_StaticEditorFlags: 0
  m_IsActive: 1
--- !u!1 &1523621954660366
GameObject:
  m_ObjectHideFlags: 1
  m_PrefabParentObject: {fileID: 0}
  m_PrefabInternal: {fileID: 100100000}
  serializedVersion: 5
  m_Component:
  - component: {fileID: 4427681085404386}
  m_Layer: 0
  m_Name: neckUpper
  m_TagString: Untagged
  m_Icon: {fileID: 0}
  m_NavMeshLayer: 0
  m_StaticEditorFlags: 0
  m_IsActive: 1
--- !u!1 &1602600478574232
GameObject:
  m_ObjectHideFlags: 1
  m_PrefabParentObject: {fileID: 0}
  m_PrefabInternal: {fileID: 100100000}
  serializedVersion: 5
  m_Component:
  - component: {fileID: 4830570218008602}
  m_Layer: 0
  m_Name: rShldrTwist
  m_TagString: Untagged
  m_Icon: {fileID: 0}
  m_NavMeshLayer: 0
  m_StaticEditorFlags: 0
  m_IsActive: 1
--- !u!1 &1695333758967812
GameObject:
  m_ObjectHideFlags: 1
  m_PrefabParentObject: {fileID: 0}
  m_PrefabInternal: {fileID: 100100000}
  serializedVersion: 5
  m_Component:
  - component: {fileID: 4577147079986818}
  m_Layer: 0
  m_Name: lPectoral
  m_TagString: Untagged
  m_Icon: {fileID: 0}
  m_NavMeshLayer: 0
  m_StaticEditorFlags: 0
  m_IsActive: 1
--- !u!1 &1700049401664446
GameObject:
  m_ObjectHideFlags: 1
  m_PrefabParentObject: {fileID: 0}
  m_PrefabInternal: {fileID: 100100000}
  serializedVersion: 5
  m_Component:
  - component: {fileID: 4605044552379946}
  m_Layer: 0
  m_Name: rCollar
  m_TagString: Untagged
  m_Icon: {fileID: 0}
  m_NavMeshLayer: 0
  m_StaticEditorFlags: 0
  m_IsActive: 1
--- !u!1 &1701151834137300
GameObject:
  m_ObjectHideFlags: 1
  m_PrefabParentObject: {fileID: 0}
  m_PrefabInternal: {fileID: 100100000}
  serializedVersion: 5
  m_Component:
  - component: {fileID: 4132943829920582}
  m_Layer: 0
  m_Name: rEye
  m_TagString: Untagged
  m_Icon: {fileID: 0}
  m_NavMeshLayer: 0
  m_StaticEditorFlags: 0
  m_IsActive: 1
--- !u!1 &1701963524355356
GameObject:
  m_ObjectHideFlags: 1
  m_PrefabParentObject: {fileID: 0}
  m_PrefabInternal: {fileID: 100100000}
  serializedVersion: 5
  m_Component:
  - component: {fileID: 4826631351453682}
  - component: {fileID: 137510305558845676}
  - component: {fileID: 114620906398237152}
  m_Layer: 0
  m_Name: CiaoBellaTop_6618_LOD1
  m_TagString: Untagged
  m_Icon: {fileID: 0}
  m_NavMeshLayer: 0
  m_StaticEditorFlags: 0
  m_IsActive: 1
--- !u!1 &1716069850971752
GameObject:
  m_ObjectHideFlags: 1
  m_PrefabParentObject: {fileID: 0}
  m_PrefabInternal: {fileID: 100100000}
  serializedVersion: 5
  m_Component:
  - component: {fileID: 4863242720301920}
  m_Layer: 0
  m_Name: abdomenUpper
  m_TagString: Untagged
  m_Icon: {fileID: 0}
  m_NavMeshLayer: 0
  m_StaticEditorFlags: 0
  m_IsActive: 1
--- !u!1 &1738369516731836
GameObject:
  m_ObjectHideFlags: 1
  m_PrefabParentObject: {fileID: 0}
  m_PrefabInternal: {fileID: 100100000}
  serializedVersion: 5
  m_Component:
  - component: {fileID: 4565621539443162}
  m_Layer: 0
  m_Name: abdomenLower
  m_TagString: Untagged
  m_Icon: {fileID: 0}
  m_NavMeshLayer: 0
  m_StaticEditorFlags: 0
  m_IsActive: 1
--- !u!1 &1773529027532174
GameObject:
  m_ObjectHideFlags: 1
  m_PrefabParentObject: {fileID: 0}
  m_PrefabInternal: {fileID: 100100000}
  serializedVersion: 5
  m_Component:
  - component: {fileID: 4119885002718996}
  m_Layer: 0
  m_Name: rEar
  m_TagString: Untagged
  m_Icon: {fileID: 0}
  m_NavMeshLayer: 0
  m_StaticEditorFlags: 0
  m_IsActive: 1
--- !u!1 &1788586931402460
GameObject:
  m_ObjectHideFlags: 1
  m_PrefabParentObject: {fileID: 0}
  m_PrefabInternal: {fileID: 100100000}
  serializedVersion: 5
  m_Component:
  - component: {fileID: 4217069503543742}
  m_Layer: 0
  m_Name: rThighTwist
  m_TagString: Untagged
  m_Icon: {fileID: 0}
  m_NavMeshLayer: 0
  m_StaticEditorFlags: 0
  m_IsActive: 1
--- !u!1 &1803135675270048
GameObject:
  m_ObjectHideFlags: 1
  m_PrefabParentObject: {fileID: 0}
  m_PrefabInternal: {fileID: 100100000}
  serializedVersion: 5
  m_Component:
  - component: {fileID: 4435609281675306}
  m_Layer: 0
  m_Name: lThighBend
  m_TagString: Untagged
  m_Icon: {fileID: 0}
  m_NavMeshLayer: 0
  m_StaticEditorFlags: 0
  m_IsActive: 1
--- !u!1 &1808229169310204
GameObject:
  m_ObjectHideFlags: 1
  m_PrefabParentObject: {fileID: 0}
  m_PrefabInternal: {fileID: 100100000}
  serializedVersion: 5
  m_Component:
  - component: {fileID: 4642708749762728}
  - component: {fileID: 137189293299963560}
  - component: {fileID: 114555417920623774}
  m_Layer: 0
  m_Name: CiaoBellaTop_6618_LOD0
  m_TagString: Untagged
  m_Icon: {fileID: 0}
  m_NavMeshLayer: 0
  m_StaticEditorFlags: 0
  m_IsActive: 1
--- !u!1 &1840777732225770
GameObject:
  m_ObjectHideFlags: 1
  m_PrefabParentObject: {fileID: 0}
  m_PrefabInternal: {fileID: 100100000}
  serializedVersion: 5
  m_Component:
  - component: {fileID: 4456208732327444}
  m_Layer: 0
  m_Name: lCollar
  m_TagString: Untagged
  m_Icon: {fileID: 0}
  m_NavMeshLayer: 0
  m_StaticEditorFlags: 0
  m_IsActive: 1
--- !u!1 &1845204542676928
GameObject:
  m_ObjectHideFlags: 1
  m_PrefabParentObject: {fileID: 0}
  m_PrefabInternal: {fileID: 100100000}
  serializedVersion: 5
  m_Component:
  - component: {fileID: 4186480126942920}
  m_Layer: 0
  m_Name: upperTeeth
  m_TagString: Untagged
  m_Icon: {fileID: 0}
  m_NavMeshLayer: 0
  m_StaticEditorFlags: 0
  m_IsActive: 1
--- !u!1 &1894802403745476
GameObject:
  m_ObjectHideFlags: 1
  m_PrefabParentObject: {fileID: 0}
  m_PrefabInternal: {fileID: 100100000}
  serializedVersion: 5
  m_Component:
  - component: {fileID: 4442855771549232}
  m_Layer: 0
  m_Name: lShldrTwist
  m_TagString: Untagged
  m_Icon: {fileID: 0}
  m_NavMeshLayer: 0
  m_StaticEditorFlags: 0
  m_IsActive: 1
--- !u!1 &1897535427216756
GameObject:
  m_ObjectHideFlags: 1
  m_PrefabParentObject: {fileID: 0}
  m_PrefabInternal: {fileID: 100100000}
  serializedVersion: 5
  m_Component:
  - component: {fileID: 4269952823356380}
  m_Layer: 0
  m_Name: lThighTwist
  m_TagString: Untagged
  m_Icon: {fileID: 0}
  m_NavMeshLayer: 0
  m_StaticEditorFlags: 0
  m_IsActive: 1
--- !u!1 &1927377988297576
GameObject:
  m_ObjectHideFlags: 1
  m_PrefabParentObject: {fileID: 0}
  m_PrefabInternal: {fileID: 100100000}
  serializedVersion: 5
  m_Component:
  - component: {fileID: 4496929228397948}
  m_Layer: 0
  m_Name: rForearmBend
  m_TagString: Untagged
  m_Icon: {fileID: 0}
  m_NavMeshLayer: 0
  m_StaticEditorFlags: 0
  m_IsActive: 1
--- !u!1 &1968717583211478
GameObject:
  m_ObjectHideFlags: 1
  m_PrefabParentObject: {fileID: 0}
  m_PrefabInternal: {fileID: 100100000}
  serializedVersion: 5
  m_Component:
  - component: {fileID: 4095665847183444}
  - component: {fileID: 137317953725081424}
  - component: {fileID: 114295831551079576}
  m_Layer: 0
  m_Name: CiaoBellaTop_6618_LOD2
  m_TagString: Untagged
  m_Icon: {fileID: 0}
  m_NavMeshLayer: 0
  m_StaticEditorFlags: 0
  m_IsActive: 1
--- !u!1 &1992195066040404
GameObject:
  m_ObjectHideFlags: 0
  m_PrefabParentObject: {fileID: 0}
  m_PrefabInternal: {fileID: 100100000}
  serializedVersion: 5
  m_Component:
  - component: {fileID: 4755414439807248}
  m_Layer: 0
  m_Name: CiaoBellaTop_6618
  m_TagString: Untagged
  m_Icon: {fileID: 0}
  m_NavMeshLayer: 0
  m_StaticEditorFlags: 0
  m_IsActive: 1
--- !u!4 &4003608829765296
Transform:
  m_ObjectHideFlags: 1
  m_PrefabParentObject: {fileID: 0}
  m_PrefabInternal: {fileID: 100100000}
  m_GameObject: {fileID: 1445224818815638}
  m_LocalRotation: {x: 0, y: -0, z: -0, w: 1}
  m_LocalPosition: {x: -0, y: 1.0517809, z: 0.01824816}
  m_LocalScale: {x: 1, y: 1, z: 1}
  m_Children:
  - {fileID: 4565621539443162}
  - {fileID: 4612228059349190}
  m_Father: {fileID: 4755414439807248}
  m_RootOrder: 4
  m_LocalEulerAnglesHint: {x: 0, y: 0, z: 0}
--- !u!4 &4016794142990602
Transform:
  m_ObjectHideFlags: 1
  m_PrefabParentObject: {fileID: 0}
  m_PrefabInternal: {fileID: 100100000}
  m_GameObject: {fileID: 1494383542707844}
  m_LocalRotation: {x: 0, y: -0, z: -0, w: 1}
  m_LocalPosition: {x: -0.03290832, y: 0.060684964, z: 0.08041806}
  m_LocalScale: {x: 1, y: 1, z: 1}
  m_Children: []
  m_Father: {fileID: 4116081746849482}
  m_RootOrder: 1
  m_LocalEulerAnglesHint: {x: 0, y: 0, z: 0}
--- !u!4 &4017070359030704
Transform:
  m_ObjectHideFlags: 1
  m_PrefabParentObject: {fileID: 0}
  m_PrefabInternal: {fileID: 100100000}
  m_GameObject: {fileID: 1185467903569246}
  m_LocalRotation: {x: 1.3877788e-17, y: 4.814825e-35, z: 3.469447e-18, w: 1}
  m_LocalPosition: {x: 0.03121763, y: 0.087602995, z: -0.08593235}
  m_LocalScale: {x: 1, y: 1, z: 1}
  m_Children: []
  m_Father: {fileID: 4778252507080388}
  m_RootOrder: 2
  m_LocalEulerAnglesHint: {x: 0, y: 0, z: 0}
--- !u!4 &4030998949876070
Transform:
  m_ObjectHideFlags: 1
  m_PrefabParentObject: {fileID: 0}
  m_PrefabInternal: {fileID: 100100000}
  m_GameObject: {fileID: 1105744425957922}
  m_LocalRotation: {x: 0, y: -0, z: -0, w: 1}
  m_LocalPosition: {x: -0, y: 0.18255997, z: -0.014994459}
  m_LocalScale: {x: 1, y: 1, z: 1}
  m_Children:
  - {fileID: 4427681085404386}
  m_Father: {fileID: 4339315834010280}
  m_RootOrder: 1
  m_LocalEulerAnglesHint: {x: 0, y: 0, z: 0}
--- !u!4 &4090668949611036
Transform:
  m_ObjectHideFlags: 1
  m_PrefabParentObject: {fileID: 0}
  m_PrefabInternal: {fileID: 100100000}
  m_GameObject: {fileID: 1215793123713000}
  m_LocalRotation: {x: 0, y: -0, z: -0, w: 1}
  m_LocalPosition: {x: -0, y: 0, z: 0}
  m_LocalScale: {x: 1, y: 1, z: 1}
  m_Children:
  - {fileID: 4755414439807248}
  m_Father: {fileID: 0}
  m_RootOrder: 0
  m_LocalEulerAnglesHint: {x: 0, y: 0, z: 0}
--- !u!4 &4095665847183444
Transform:
  m_ObjectHideFlags: 1
  m_PrefabParentObject: {fileID: 0}
  m_PrefabInternal: {fileID: 100100000}
  m_GameObject: {fileID: 1968717583211478}
  m_LocalRotation: {x: 0, y: -0, z: -0, w: 1}
  m_LocalPosition: {x: -0, y: 0, z: 0}
  m_LocalScale: {x: 1, y: 1, z: 1}
  m_Children: []
  m_Father: {fileID: 4755414439807248}
  m_RootOrder: 2
  m_LocalEulerAnglesHint: {x: 0, y: 0, z: 0}
--- !u!4 &4116081746849482
Transform:
  m_ObjectHideFlags: 1
  m_PrefabParentObject: {fileID: 0}
  m_PrefabInternal: {fileID: 100100000}
  m_GameObject: {fileID: 1201469764022936}
  m_LocalRotation: {x: 0, y: -0, z: -0, w: 1}
  m_LocalPosition: {x: -0, y: 0.04936096, z: 0.0015942502}
  m_LocalScale: {x: 1, y: 1, z: 1}
  m_Children:
  - {fileID: 4492880134087246}
  - {fileID: 4016794142990602}
  - {fileID: 4119885002718996}
  - {fileID: 4132943829920582}
  - {fileID: 4398513954400614}
  - {fileID: 4186480126942920}
  m_Father: {fileID: 4427681085404386}
  m_RootOrder: 0
  m_LocalEulerAnglesHint: {x: 0, y: 0, z: 0}
--- !u!4 &4119885002718996
Transform:
  m_ObjectHideFlags: 1
  m_PrefabParentObject: {fileID: 0}
  m_PrefabInternal: {fileID: 100100000}
  m_GameObject: {fileID: 1773529027532174}
  m_LocalRotation: {x: -8.6736174e-19, y: 2.7755576e-17, z: 2.4074124e-35, w: 1}
  m_LocalPosition: {x: 0.0689126, y: 0.040836945, z: 0.0055871904}
  m_LocalScale: {x: 1, y: 1, z: 1}
  m_Children: []
  m_Father: {fileID: 4116081746849482}
  m_RootOrder: 2
  m_LocalEulerAnglesHint: {x: 0, y: 0, z: 0}
--- !u!4 &4132943829920582
Transform:
  m_ObjectHideFlags: 1
  m_PrefabParentObject: {fileID: 0}
  m_PrefabInternal: {fileID: 100100000}
  m_GameObject: {fileID: 1701151834137300}
  m_LocalRotation: {x: 0, y: -0, z: -0, w: 1}
  m_LocalPosition: {x: 0.03290832, y: 0.060684964, z: 0.08041806}
  m_LocalScale: {x: 1, y: 1, z: 1}
  m_Children: []
  m_Father: {fileID: 4116081746849482}
  m_RootOrder: 3
  m_LocalEulerAnglesHint: {x: 0, y: 0, z: 0}
--- !u!4 &4186480126942920
Transform:
  m_ObjectHideFlags: 1
  m_PrefabParentObject: {fileID: 0}
  m_PrefabInternal: {fileID: 100100000}
  m_GameObject: {fileID: 1845204542676928}
  m_LocalRotation: {x: 0, y: -0, z: -1.29172524e-20, w: 1}
  m_LocalPosition: {x: -0, y: 0.0011560058, z: 0.07755243}
  m_LocalScale: {x: 1, y: 1, z: 1}
  m_Children: []
  m_Father: {fileID: 4116081746849482}
  m_RootOrder: 5
  m_LocalEulerAnglesHint: {x: 0, y: 0, z: 0}
--- !u!4 &4217069503543742
Transform:
  m_ObjectHideFlags: 1
  m_PrefabParentObject: {fileID: 0}
  m_PrefabInternal: {fileID: 100100000}
  m_GameObject: {fileID: 1788586931402460}
  m_LocalRotation: {x: -8.6736174e-19, y: -5.642373e-37, z: 6.505213e-19, w: 1}
  m_LocalPosition: {x: 0.006987462, y: -0.2093798, z: -0.0024718768}
  m_LocalScale: {x: 1, y: 1, z: 1}
  m_Children: []
  m_Father: {fileID: 4285299722627836}
  m_RootOrder: 0
  m_LocalEulerAnglesHint: {x: 0, y: 0, z: 0}
--- !u!4 &4269952823356380
Transform:
  m_ObjectHideFlags: 1
  m_PrefabParentObject: {fileID: 0}
  m_PrefabInternal: {fileID: 100100000}
  m_GameObject: {fileID: 1897535427216756}
  m_LocalRotation: {x: 1.1284746e-35, y: 6.938894e-18, z: -1.6263033e-18, w: 1}
  m_LocalPosition: {x: -0.006987462, y: -0.2093798, z: -0.0024718768}
  m_LocalScale: {x: 1, y: 1, z: 1}
  m_Children: []
  m_Father: {fileID: 4435609281675306}
  m_RootOrder: 0
  m_LocalEulerAnglesHint: {x: 0, y: 0, z: 0}
--- !u!4 &4285299722627836
Transform:
  m_ObjectHideFlags: 1
  m_PrefabParentObject: {fileID: 0}
  m_PrefabInternal: {fileID: 100100000}
  m_GameObject: {fileID: 1433088207534990}
  m_LocalRotation: {x: -8.6736174e-19, y: -5.642373e-37, z: 6.505213e-19, w: 1}
  m_LocalPosition: {x: 0.07909208, y: -0.10626678, z: -0.014821031}
  m_LocalScale: {x: 1, y: 1, z: 1}
  m_Children:
  - {fileID: 4217069503543742}
  m_Father: {fileID: 4612228059349190}
  m_RootOrder: 1
  m_LocalEulerAnglesHint: {x: 0, y: 0, z: 0}
--- !u!4 &4339315834010280
Transform:
  m_ObjectHideFlags: 1
  m_PrefabParentObject: {fileID: 0}
  m_PrefabInternal: {fileID: 100100000}
  m_GameObject: {fileID: 1050231772275942}
  m_LocalRotation: {x: 0, y: -0, z: -0, w: 1}
  m_LocalPosition: {x: -0, y: 0.13076507, z: -0.03618029}
  m_LocalScale: {x: 1, y: 1, z: 1}
  m_Children:
  - {fileID: 4456208732327444}
  - {fileID: 4030998949876070}
  - {fileID: 4605044552379946}
  m_Father: {fileID: 4778252507080388}
  m_RootOrder: 0
  m_LocalEulerAnglesHint: {x: 0, y: 0, z: 0}
--- !u!4 &4348021653894954
Transform:
  m_ObjectHideFlags: 1
  m_PrefabParentObject: {fileID: 0}
  m_PrefabInternal: {fileID: 100100000}
  m_GameObject: {fileID: 1069450875468780}
  m_LocalRotation: {x: 0, y: -0, z: -0, w: 1}
  m_LocalPosition: {x: -0, y: 0, z: 0}
  m_LocalScale: {x: 1, y: 1, z: 1}
  m_Children: []
  m_Father: {fileID: 4755414439807248}
  m_RootOrder: 3
  m_LocalEulerAnglesHint: {x: 0, y: 0, z: 0}
--- !u!4 &4398513954400614
Transform:
  m_ObjectHideFlags: 1
  m_PrefabParentObject: {fileID: 0}
  m_PrefabInternal: {fileID: 100100000}
  m_GameObject: {fileID: 1279692458915640}
  m_LocalRotation: {x: 0, y: -0, z: -0, w: 1}
  m_LocalPosition: {x: -0, y: 0, z: 0}
  m_LocalScale: {x: 1, y: 1, z: 1}
  m_Children: []
  m_Father: {fileID: 4116081746849482}
  m_RootOrder: 4
  m_LocalEulerAnglesHint: {x: 0, y: 0, z: 0}
--- !u!4 &4427681085404386
Transform:
  m_ObjectHideFlags: 1
  m_PrefabParentObject: {fileID: 0}
  m_PrefabInternal: {fileID: 100100000}
  m_GameObject: {fileID: 1523621954660366}
  m_LocalRotation: {x: 0, y: -0, z: -0, w: 1}
  m_LocalPosition: {x: -0, y: 0.032816008, z: 0.019791778}
  m_LocalScale: {x: 1, y: 1, z: 1}
  m_Children:
  - {fileID: 4116081746849482}
  m_Father: {fileID: 4030998949876070}
  m_RootOrder: 0
  m_LocalEulerAnglesHint: {x: 0, y: 0, z: 0}
--- !u!4 &4435609281675306
Transform:
  m_ObjectHideFlags: 1
  m_PrefabParentObject: {fileID: 0}
  m_PrefabInternal: {fileID: 100100000}
  m_GameObject: {fileID: 1803135675270048}
  m_LocalRotation: {x: 1.1284746e-35, y: 6.938894e-18, z: -1.6263033e-18, w: 1}
  m_LocalPosition: {x: -0.07909208, y: -0.10626678, z: -0.014821031}
  m_LocalScale: {x: 1, y: 1, z: 1}
  m_Children:
  - {fileID: 4269952823356380}
  m_Father: {fileID: 4612228059349190}
  m_RootOrder: 0
  m_LocalEulerAnglesHint: {x: 0, y: 0, z: 0}
--- !u!4 &4442855771549232
Transform:
  m_ObjectHideFlags: 1
  m_PrefabParentObject: {fileID: 0}
  m_PrefabInternal: {fileID: 100100000}
  m_GameObject: {fileID: 1894802403745476}
  m_LocalRotation: {x: -1.0842022e-19, y: 1.7347235e-18, z: 8.199279e-19, w: 1}
  m_LocalPosition: {x: -0.12571028, y: -0.008088989, z: 0.0031563996}
  m_LocalScale: {x: 1, y: 1, z: 1}
  m_Children:
  - {fileID: 4892130756927528}
  m_Father: {fileID: 4505334456179266}
  m_RootOrder: 0
  m_LocalEulerAnglesHint: {x: 0, y: 0, z: 0}
--- !u!4 &4456208732327444
Transform:
  m_ObjectHideFlags: 1
  m_PrefabParentObject: {fileID: 0}
  m_PrefabInternal: {fileID: 100100000}
  m_GameObject: {fileID: 1840777732225770}
  m_LocalRotation: {x: 5.421011e-20, y: 7.3468397e-38, z: 1.3552527e-18, w: 1}
  m_LocalPosition: {x: -0.0161389, y: 0.10433487, z: -0.01630585}
  m_LocalScale: {x: 1, y: 1, z: 1}
  m_Children:
  - {fileID: 4505334456179266}
  m_Father: {fileID: 4339315834010280}
  m_RootOrder: 0
  m_LocalEulerAnglesHint: {x: 0, y: 0, z: 0}
--- !u!4 &4492880134087246
Transform:
  m_ObjectHideFlags: 1
  m_PrefabParentObject: {fileID: 0}
  m_PrefabInternal: {fileID: 100100000}
  m_GameObject: {fileID: 1352825583292222}
  m_LocalRotation: {x: -8.6736174e-19, y: -2.7755576e-17, z: -2.4074124e-35, w: 1}
  m_LocalPosition: {x: -0.0689126, y: 0.040836945, z: 0.0055871904}
  m_LocalScale: {x: 1, y: 1, z: 1}
  m_Children: []
  m_Father: {fileID: 4116081746849482}
  m_RootOrder: 0
  m_LocalEulerAnglesHint: {x: 0, y: 0, z: 0}
--- !u!4 &4496929228397948
Transform:
  m_ObjectHideFlags: 1
  m_PrefabParentObject: {fileID: 0}
  m_PrefabInternal: {fileID: 100100000}
  m_GameObject: {fileID: 1927377988297576}
  m_LocalRotation: {x: 3.2526065e-19, y: -9.697828e-38, z: -2.981556e-19, w: 1}
  m_LocalPosition: {x: 0.14432852, y: -0.0073680114, z: -0.0012650299}
  m_LocalScale: {x: 1, y: 1, z: 1}
  m_Children: []
  m_Father: {fileID: 4830570218008602}
  m_RootOrder: 0
  m_LocalEulerAnglesHint: {x: 0, y: 0, z: 0}
--- !u!4 &4505334456179266
Transform:
  m_ObjectHideFlags: 1
  m_PrefabParentObject: {fileID: 0}
  m_PrefabInternal: {fileID: 100100000}
  m_GameObject: {fileID: 1432078504888444}
  m_LocalRotation: {x: 5.421011e-20, y: -1.7347235e-18, z: -2.2293907e-18, w: 1}
  m_LocalPosition: {x: -0.1323156, y: -0.0011669921, z: -0.0075530573}
  m_LocalScale: {x: 1, y: 1, z: 1}
  m_Children:
  - {fileID: 4442855771549232}
  m_Father: {fileID: 4456208732327444}
  m_RootOrder: 0
  m_LocalEulerAnglesHint: {x: 0, y: 0, z: 0}
--- !u!4 &4565621539443162
Transform:
  m_ObjectHideFlags: 1
  m_PrefabParentObject: {fileID: 0}
  m_PrefabInternal: {fileID: 100100000}
  m_GameObject: {fileID: 1738369516731836}
  m_LocalRotation: {x: 0, y: -0, z: -0, w: 1}
  m_LocalPosition: {x: -0, y: 0.017665023, z: -0.014824948}
  m_LocalScale: {x: 1, y: 1, z: 1}
  m_Children:
  - {fileID: 4863242720301920}
  m_Father: {fileID: 4003608829765296}
  m_RootOrder: 0
  m_LocalEulerAnglesHint: {x: 0, y: 0, z: 0}
--- !u!4 &4577147079986818
Transform:
  m_ObjectHideFlags: 1
  m_PrefabParentObject: {fileID: 0}
  m_PrefabInternal: {fileID: 100100000}
  m_GameObject: {fileID: 1695333758967812}
  m_LocalRotation: {x: -1.3877788e-17, y: -2.7755576e-17, z: -3.85186e-34, w: 1}
  m_LocalPosition: {x: -0.03121763, y: 0.087602995, z: -0.08593235}
  m_LocalScale: {x: 1, y: 1, z: 1}
  m_Children: []
  m_Father: {fileID: 4778252507080388}
  m_RootOrder: 1
  m_LocalEulerAnglesHint: {x: 0, y: 0, z: 0}
--- !u!4 &4605044552379946
Transform:
  m_ObjectHideFlags: 1
  m_PrefabParentObject: {fileID: 0}
  m_PrefabInternal: {fileID: 100100000}
  m_GameObject: {fileID: 1700049401664446}
  m_LocalRotation: {x: 5.421011e-20, y: -7.3468397e-38, z: -1.3552527e-18, w: 1}
  m_LocalPosition: {x: 0.0161389, y: 0.10433487, z: -0.01630585}
  m_LocalScale: {x: 1, y: 1, z: 1}
  m_Children:
  - {fileID: 4648993850973006}
  m_Father: {fileID: 4339315834010280}
  m_RootOrder: 2
  m_LocalEulerAnglesHint: {x: 0, y: 0, z: 0}
--- !u!4 &4612228059349190
Transform:
  m_ObjectHideFlags: 1
  m_PrefabParentObject: {fileID: 0}
  m_PrefabInternal: {fileID: 100100000}
  m_GameObject: {fileID: 1033134751605736}
  m_LocalRotation: {x: 0, y: -0, z: -0, w: 1}
  m_LocalPosition: {x: -0, y: 0.018641967, z: 0.0004866898}
  m_LocalScale: {x: 1, y: 1, z: 1}
  m_Children:
  - {fileID: 4435609281675306}
  - {fileID: 4285299722627836}
  m_Father: {fileID: 4003608829765296}
  m_RootOrder: 1
  m_LocalEulerAnglesHint: {x: 0, y: 0, z: 0}
--- !u!4 &4642708749762728
Transform:
  m_ObjectHideFlags: 1
  m_PrefabParentObject: {fileID: 0}
  m_PrefabInternal: {fileID: 100100000}
  m_GameObject: {fileID: 1808229169310204}
  m_LocalRotation: {x: 0, y: -0, z: -0, w: 1}
  m_LocalPosition: {x: -0, y: 0, z: 0}
  m_LocalScale: {x: 1, y: 1, z: 1}
  m_Children: []
  m_Father: {fileID: 4755414439807248}
  m_RootOrder: 0
  m_LocalEulerAnglesHint: {x: 0, y: 0, z: 0}
--- !u!4 &4648993850973006
Transform:
  m_ObjectHideFlags: 1
  m_PrefabParentObject: {fileID: 0}
  m_PrefabInternal: {fileID: 100100000}
  m_GameObject: {fileID: 1204172239757424}
  m_LocalRotation: {x: 5.421011e-20, y: 1.7347235e-18, z: 2.2293907e-18, w: 1}
  m_LocalPosition: {x: 0.1323156, y: -0.0011669921, z: -0.0075530573}
  m_LocalScale: {x: 1, y: 1, z: 1}
  m_Children:
  - {fileID: 4830570218008602}
  m_Father: {fileID: 4605044552379946}
  m_RootOrder: 0
  m_LocalEulerAnglesHint: {x: 0, y: 0, z: 0}
--- !u!4 &4755414439807248
Transform:
  m_ObjectHideFlags: 1
  m_PrefabParentObject: {fileID: 0}
  m_PrefabInternal: {fileID: 100100000}
  m_GameObject: {fileID: 1992195066040404}
  m_LocalRotation: {x: 0, y: -0, z: -0, w: 1}
  m_LocalPosition: {x: -0, y: 0, z: 0}
  m_LocalScale: {x: 1, y: 1, z: 1}
  m_Children:
  - {fileID: 4642708749762728}
  - {fileID: 4826631351453682}
  - {fileID: 4095665847183444}
  - {fileID: 4348021653894954}
  - {fileID: 4003608829765296}
  m_Father: {fileID: 4090668949611036}
  m_RootOrder: 0
  m_LocalEulerAnglesHint: {x: 0, y: 0, z: 0}
--- !u!4 &4778252507080388
Transform:
  m_ObjectHideFlags: 1
  m_PrefabParentObject: {fileID: 0}
  m_PrefabInternal: {fileID: 100100000}
  m_GameObject: {fileID: 1106137461384396}
  m_LocalRotation: {x: 0, y: -0, z: -0, w: 1}
  m_LocalPosition: {x: -0, y: 0.07905296, z: -0.003973731}
  m_LocalScale: {x: 1, y: 1, z: 1}
  m_Children:
  - {fileID: 4339315834010280}
  - {fileID: 4577147079986818}
  - {fileID: 4017070359030704}
  m_Father: {fileID: 4863242720301920}
  m_RootOrder: 0
  m_LocalEulerAnglesHint: {x: 0, y: 0, z: 0}
--- !u!4 &4826631351453682
Transform:
  m_ObjectHideFlags: 1
  m_PrefabParentObject: {fileID: 0}
  m_PrefabInternal: {fileID: 100100000}
  m_GameObject: {fileID: 1701963524355356}
  m_LocalRotation: {x: 0, y: -0, z: -0, w: 1}
  m_LocalPosition: {x: -0, y: 0, z: 0}
  m_LocalScale: {x: 1, y: 1, z: 1}
  m_Children: []
  m_Father: {fileID: 4755414439807248}
  m_RootOrder: 1
  m_LocalEulerAnglesHint: {x: 0, y: 0, z: 0}
--- !u!4 &4830570218008602
Transform:
  m_ObjectHideFlags: 1
  m_PrefabParentObject: {fileID: 0}
  m_PrefabInternal: {fileID: 100100000}
  m_GameObject: {fileID: 1602600478574232}
  m_LocalRotation: {x: -1.0842022e-19, y: -1.7347235e-18, z: -8.199279e-19, w: 1}
  m_LocalPosition: {x: 0.12571028, y: -0.008088989, z: 0.0031563996}
  m_LocalScale: {x: 1, y: 1, z: 1}
  m_Children:
  - {fileID: 4496929228397948}
  m_Father: {fileID: 4648993850973006}
  m_RootOrder: 0
  m_LocalEulerAnglesHint: {x: 0, y: 0, z: 0}
--- !u!4 &4863242720301920
Transform:
  m_ObjectHideFlags: 1
  m_PrefabParentObject: {fileID: 0}
  m_PrefabInternal: {fileID: 100100000}
  m_GameObject: {fileID: 1716069850971752}
  m_LocalRotation: {x: 0, y: -0, z: -0, w: 1}
  m_LocalPosition: {x: -0, y: 0.08150101, z: 0.011933489}
  m_LocalScale: {x: 1, y: 1, z: 1}
  m_Children:
  - {fileID: 4778252507080388}
  m_Father: {fileID: 4565621539443162}
  m_RootOrder: 0
  m_LocalEulerAnglesHint: {x: 0, y: 0, z: 0}
--- !u!4 &4892130756927528
Transform:
  m_ObjectHideFlags: 1
  m_PrefabParentObject: {fileID: 0}
  m_PrefabInternal: {fileID: 100100000}
  m_GameObject: {fileID: 1456254881614032}
  m_LocalRotation: {x: 3.2526065e-19, y: 9.697828e-38, z: 2.981556e-19, w: 1}
  m_LocalPosition: {x: -0.14432852, y: -0.0073680114, z: -0.0012650299}
  m_LocalScale: {x: 1, y: 1, z: 1}
  m_Children: []
  m_Father: {fileID: 4442855771549232}
  m_RootOrder: 0
  m_LocalEulerAnglesHint: {x: 0, y: 0, z: 0}
--- !u!114 &114295831551079576
MonoBehaviour:
  m_ObjectHideFlags: 1
  m_PrefabParentObject: {fileID: 0}
  m_PrefabInternal: {fileID: 100100000}
  m_GameObject: {fileID: 1968717583211478}
  m_Enabled: 1
  m_EditorHideFlags: 0
  m_Script: {fileID: -2050122676, guid: 2188feb5cf201e848a09932d706b7c3a, type: 3}
  m_Name: 
  m_EditorClassIdentifier: 
  dazName: 
  ID: 
  meshQuality: 0
  meshType: 2
  originalMesh: {fileID: 0}
  originalBindposes: []
  runtimeMorphPath: MORPH3D/Ciao_Bella_Outfit/CiaoBella_Top/CiaoBellaTop_6618_LOD2
--- !u!114 &114342107454503254
MonoBehaviour:
  m_ObjectHideFlags: 1
  m_PrefabParentObject: {fileID: 0}
  m_PrefabInternal: {fileID: 100100000}
  m_GameObject: {fileID: 1069450875468780}
  m_Enabled: 1
  m_EditorHideFlags: 0
  m_Script: {fileID: -2050122676, guid: 2188feb5cf201e848a09932d706b7c3a, type: 3}
  m_Name: 
  m_EditorClassIdentifier: 
  dazName: 
  ID: 
  meshQuality: 0
  meshType: 2
  originalMesh: {fileID: 0}
  originalBindposes: []
  runtimeMorphPath: MORPH3D/Ciao_Bella_Outfit/CiaoBella_Top/CiaoBellaTop_6618_LOD3
--- !u!114 &114555417920623774
MonoBehaviour:
  m_ObjectHideFlags: 1
  m_PrefabParentObject: {fileID: 0}
  m_PrefabInternal: {fileID: 100100000}
  m_GameObject: {fileID: 1808229169310204}
  m_Enabled: 1
  m_EditorHideFlags: 0
  m_Script: {fileID: -2050122676, guid: 2188feb5cf201e848a09932d706b7c3a, type: 3}
  m_Name: 
  m_EditorClassIdentifier: 
  dazName: 
  ID: 
  meshQuality: 0
  meshType: 2
  originalMesh: {fileID: 0}
  originalBindposes: []
  runtimeMorphPath: MORPH3D/Ciao_Bella_Outfit/CiaoBella_Top/CiaoBellaTop_6618_LOD0
--- !u!114 &114589867605327622
MonoBehaviour:
  m_ObjectHideFlags: 1
  m_PrefabParentObject: {fileID: 0}
  m_PrefabInternal: {fileID: 100100000}
  m_GameObject: {fileID: 1215793123713000}
  m_Enabled: 1
  m_EditorHideFlags: 0
  m_Script: {fileID: 1913082261, guid: 2188feb5cf201e848a09932d706b7c3a, type: 3}
  m_Name: 
  m_EditorClassIdentifier: 
  dazName: CiaoBella_Top
  ID: 264b0daa-de3d-40f6-9e84-d4598bdacf3b
  LODlist:
  - {fileID: 114555417920623774}
  - {fileID: 114620906398237152}
  - {fileID: 114295831551079576}
  - {fileID: 114342107454503254}
  currentLODlevel: 1
  meshType: 2
  lockMaterials: 0
  isAttached: 0
  isVisible: 1
  alphaMask: {fileID: 0}
  _alphaMasksKeys: 01000000
  _alphaMasksVals:
  - {fileID: 2800000, guid: 3b2e98064f57b5d44a3594e32e8c9d2b, type: 3}
--- !u!114 &114620906398237152
MonoBehaviour:
  m_ObjectHideFlags: 1
  m_PrefabParentObject: {fileID: 0}
  m_PrefabInternal: {fileID: 100100000}
  m_GameObject: {fileID: 1701963524355356}
  m_Enabled: 1
  m_EditorHideFlags: 0
  m_Script: {fileID: -2050122676, guid: 2188feb5cf201e848a09932d706b7c3a, type: 3}
  m_Name: 
  m_EditorClassIdentifier: 
  dazName: 
  ID: 
  meshQuality: 0
  meshType: 2
  originalMesh: {fileID: 0}
  originalBindposes: []
  runtimeMorphPath: MORPH3D/Ciao_Bella_Outfit/CiaoBella_Top/CiaoBellaTop_6618_LOD1
--- !u!114 &114780174773474562
MonoBehaviour:
  m_ObjectHideFlags: 1
  m_PrefabParentObject: {fileID: 0}
  m_PrefabInternal: {fileID: 100100000}
  m_GameObject: {fileID: 1215793123713000}
  m_Enabled: 1
  m_EditorHideFlags: 0
  m_Script: {fileID: 1652709342, guid: 2188feb5cf201e848a09932d706b7c3a, type: 3}
  m_Name: 
  m_EditorClassIdentifier: 
  vendorId: 2e4ddbf3-b4fd-11e6-ab9c-000f1f047949
  versionId: 1
  meshType: 2
  geometryId: CiaoBella_Top
  ID: 264b0daa-de3d-40f6-9e84-d4598bdacf3b
  compatabilityBase: 
  declarativeUse: 
  controllerScales: []
  item_id: 264b0daa-de3d-40f6-9e84-d4598bdacf3b
  collection_id: 
  rank: 2
  function: 4
  schematic:
    lods: []
    persistent: []
  compatibilities:
    figures: []
  collection_version: 0
  item_version: 1
  mcs_version: 1.6
  item_name: CiaoBella_Top
  collection_name: Ciao_Bella_Outfit
--- !u!137 &137189293299963560
SkinnedMeshRenderer:
  m_ObjectHideFlags: 1
  m_PrefabParentObject: {fileID: 0}
  m_PrefabInternal: {fileID: 100100000}
  m_GameObject: {fileID: 1808229169310204}
  m_Enabled: 1
  m_CastShadows: 1
  m_ReceiveShadows: 1
  m_MotionVectors: 1
  m_LightProbeUsage: 1
  m_ReflectionProbeUsage: 1
  m_Materials:
  - {fileID: 2100000, guid: db4ef24e6ef44f1409d89f34b2b4cc7b, type: 2}
  m_StaticBatchInfo:
    firstSubMesh: 0
    subMeshCount: 0
  m_StaticBatchRoot: {fileID: 0}
  m_ProbeAnchor: {fileID: 0}
  m_LightProbeVolumeOverride: {fileID: 0}
  m_ScaleInLightmap: 1
  m_PreserveUVs: 0
  m_IgnoreNormalsForChartDetection: 0
  m_ImportantGI: 0
  m_SelectedEditorRenderState: 3
  m_MinimumChartSize: 4
  m_AutoUVMaxDistance: 0.5
  m_AutoUVMaxAngle: 89
  m_LightmapParameters: {fileID: 0}
  m_SortingLayerID: 0
  m_SortingLayer: 0
  m_SortingOrder: 0
  serializedVersion: 2
  m_Quality: 0
  m_UpdateWhenOffscreen: 0
  m_SkinnedMotionVectors: 1
  m_Mesh: {fileID: 4300000, guid: 5acb94d8eab81864b80eacbe307063d9, type: 3}
  m_Bones:
  - {fileID: 4442855771549232}
  - {fileID: 4830570218008602}
  - {fileID: 4505334456179266}
  - {fileID: 4648993850973006}
  - {fileID: 4427681085404386}
  - {fileID: 4456208732327444}
  - {fileID: 4605044552379946}
  - {fileID: 4030998949876070}
  - {fileID: 4339315834010280}
  - {fileID: 4577147079986818}
  - {fileID: 4017070359030704}
  - {fileID: 4778252507080388}
  - {fileID: 4435609281675306}
  - {fileID: 4285299722627836}
  - {fileID: 4863242720301920}
  - {fileID: 4612228059349190}
  - {fileID: 4565621539443162}
  - {fileID: 4003608829765296}
  m_BlendShapeWeights: []
  m_RootBone: {fileID: 4003608829765296}
  m_AABB:
    m_Center: {x: -0.0014947951, y: 0.20887524, z: -0.013613712}
    m_Extent: {x: 0.1763206, y: 0.27406484, z: 0.13293666}
  m_DirtyAABB: 0
--- !u!137 &137317953725081424
SkinnedMeshRenderer:
  m_ObjectHideFlags: 1
  m_PrefabParentObject: {fileID: 0}
  m_PrefabInternal: {fileID: 100100000}
  m_GameObject: {fileID: 1968717583211478}
  m_Enabled: 1
  m_CastShadows: 1
  m_ReceiveShadows: 1
  m_MotionVectors: 1
  m_LightProbeUsage: 1
  m_ReflectionProbeUsage: 1
  m_Materials:
  - {fileID: 2100000, guid: db4ef24e6ef44f1409d89f34b2b4cc7b, type: 2}
  m_StaticBatchInfo:
    firstSubMesh: 0
    subMeshCount: 0
  m_StaticBatchRoot: {fileID: 0}
  m_ProbeAnchor: {fileID: 0}
  m_LightProbeVolumeOverride: {fileID: 0}
  m_ScaleInLightmap: 1
  m_PreserveUVs: 0
  m_IgnoreNormalsForChartDetection: 0
  m_ImportantGI: 0
  m_SelectedEditorRenderState: 3
  m_MinimumChartSize: 4
  m_AutoUVMaxDistance: 0.5
  m_AutoUVMaxAngle: 89
  m_LightmapParameters: {fileID: 0}
  m_SortingLayerID: 0
  m_SortingLayer: 0
  m_SortingOrder: 0
  serializedVersion: 2
  m_Quality: 0
  m_UpdateWhenOffscreen: 0
  m_SkinnedMotionVectors: 1
  m_Mesh: {fileID: 4300004, guid: 5acb94d8eab81864b80eacbe307063d9, type: 3}
  m_Bones:
  - {fileID: 4442855771549232}
  - {fileID: 4830570218008602}
  - {fileID: 4505334456179266}
  - {fileID: 4648993850973006}
  - {fileID: 4427681085404386}
  - {fileID: 4456208732327444}
  - {fileID: 4605044552379946}
  - {fileID: 4030998949876070}
  - {fileID: 4339315834010280}
  - {fileID: 4577147079986818}
  - {fileID: 4017070359030704}
  - {fileID: 4778252507080388}
  - {fileID: 4435609281675306}
  - {fileID: 4285299722627836}
  - {fileID: 4863242720301920}
  - {fileID: 4612228059349190}
  - {fileID: 4565621539443162}
  - {fileID: 4003608829765296}
  m_BlendShapeWeights: []
  m_RootBone: {fileID: 4003608829765296}
  m_AABB:
    m_Center: {x: -0.0000010952353, y: 0.20893249, z: -0.012618445}
    m_Extent: {x: 0.17727429, y: 0.27403548, z: 0.1327256}
  m_DirtyAABB: 0
--- !u!137 &137510305558845676
SkinnedMeshRenderer:
  m_ObjectHideFlags: 1
  m_PrefabParentObject: {fileID: 0}
  m_PrefabInternal: {fileID: 100100000}
  m_GameObject: {fileID: 1701963524355356}
  m_Enabled: 1
  m_CastShadows: 1
  m_ReceiveShadows: 1
  m_MotionVectors: 1
  m_LightProbeUsage: 1
  m_ReflectionProbeUsage: 1
  m_Materials:
  - {fileID: 2100000, guid: db4ef24e6ef44f1409d89f34b2b4cc7b, type: 2}
  m_StaticBatchInfo:
    firstSubMesh: 0
    subMeshCount: 0
  m_StaticBatchRoot: {fileID: 0}
  m_ProbeAnchor: {fileID: 0}
  m_LightProbeVolumeOverride: {fileID: 0}
  m_ScaleInLightmap: 1
  m_PreserveUVs: 0
  m_IgnoreNormalsForChartDetection: 0
  m_ImportantGI: 0
  m_SelectedEditorRenderState: 3
  m_MinimumChartSize: 4
  m_AutoUVMaxDistance: 0.5
  m_AutoUVMaxAngle: 89
  m_LightmapParameters: {fileID: 0}
  m_SortingLayerID: 0
  m_SortingLayer: 0
  m_SortingOrder: 0
  serializedVersion: 2
  m_Quality: 0
  m_UpdateWhenOffscreen: 0
  m_SkinnedMotionVectors: 1
  m_Mesh: {fileID: 4300002, guid: 5acb94d8eab81864b80eacbe307063d9, type: 3}
  m_Bones:
  - {fileID: 4442855771549232}
  - {fileID: 4830570218008602}
  - {fileID: 4505334456179266}
  - {fileID: 4648993850973006}
  - {fileID: 4427681085404386}
  - {fileID: 4456208732327444}
  - {fileID: 4605044552379946}
  - {fileID: 4030998949876070}
  - {fileID: 4339315834010280}
  - {fileID: 4577147079986818}
  - {fileID: 4017070359030704}
  - {fileID: 4778252507080388}
  - {fileID: 4435609281675306}
  - {fileID: 4285299722627836}
  - {fileID: 4863242720301920}
  - {fileID: 4612228059349190}
  - {fileID: 4565621539443162}
  - {fileID: 4003608829765296}
  m_BlendShapeWeights: []
  m_RootBone: {fileID: 4003608829765296}
  m_AABB:
    m_Center: {x: -0.0008647442, y: 0.20879915, z: -0.013402209}
    m_Extent: {x: 0.17665955, y: 0.27405688, z: 0.13278966}
  m_DirtyAABB: 0
--- !u!137 &137674533375148724
SkinnedMeshRenderer:
  m_ObjectHideFlags: 1
  m_PrefabParentObject: {fileID: 0}
  m_PrefabInternal: {fileID: 100100000}
  m_GameObject: {fileID: 1069450875468780}
  m_Enabled: 1
  m_CastShadows: 1
  m_ReceiveShadows: 1
  m_MotionVectors: 1
  m_LightProbeUsage: 1
  m_ReflectionProbeUsage: 1
  m_Materials:
  - {fileID: 2100000, guid: db4ef24e6ef44f1409d89f34b2b4cc7b, type: 2}
  m_StaticBatchInfo:
    firstSubMesh: 0
    subMeshCount: 0
  m_StaticBatchRoot: {fileID: 0}
  m_ProbeAnchor: {fileID: 0}
  m_LightProbeVolumeOverride: {fileID: 0}
  m_ScaleInLightmap: 1
  m_PreserveUVs: 0
  m_IgnoreNormalsForChartDetection: 0
  m_ImportantGI: 0
  m_SelectedEditorRenderState: 3
  m_MinimumChartSize: 4
  m_AutoUVMaxDistance: 0.5
  m_AutoUVMaxAngle: 89
  m_LightmapParameters: {fileID: 0}
  m_SortingLayerID: 0
  m_SortingLayer: 0
  m_SortingOrder: 0
  serializedVersion: 2
  m_Quality: 0
  m_UpdateWhenOffscreen: 0
  m_SkinnedMotionVectors: 1
  m_Mesh: {fileID: 4300006, guid: 5acb94d8eab81864b80eacbe307063d9, type: 3}
  m_Bones:
  - {fileID: 4442855771549232}
  - {fileID: 4830570218008602}
  - {fileID: 4505334456179266}
  - {fileID: 4648993850973006}
  - {fileID: 4427681085404386}
  - {fileID: 4456208732327444}
  - {fileID: 4605044552379946}
  - {fileID: 4030998949876070}
  - {fileID: 4339315834010280}
  - {fileID: 4577147079986818}
  - {fileID: 4017070359030704}
  - {fileID: 4778252507080388}
  - {fileID: 4435609281675306}
  - {fileID: 4285299722627836}
  - {fileID: 4863242720301920}
  - {fileID: 4612228059349190}
  - {fileID: 4565621539443162}
  - {fileID: 4003608829765296}
  m_BlendShapeWeights: []
  m_RootBone: {fileID: 4003608829765296}
  m_AABB:
    m_Center: {x: -0.0018419474, y: 0.20897838, z: -0.010675158}
    m_Extent: {x: 0.17889313, y: 0.27442363, z: 0.1347261}
  m_DirtyAABB: 0
